Wed, 26 Aug 2020 14:10:38:wirte_log.py[line:18] INFO {'symbol': 'eosusdt'}
Wed, 26 Aug 2020 14:10:38:wirte_log.py[line:18] INFO <Response [500]>
Wed, 26 Aug 2020 14:13:43:wirte_log.py[line:18] INFO {'symbol': 'eosusdt'}
Wed, 26 Aug 2020 14:13:43:wirte_log.py[line:18] INFO <Response [500]>
Wed, 26 Aug 2020 14:19:54:wirte_log.py[line:18] INFO {'symbol': 'eosusdt ', 'type': 'step0'}
Wed, 26 Aug 2020 14:19:54:wirte_log.py[line:18] INFO <Response [500]>
Wed, 26 Aug 2020 14:21:53:wirte_log.py[line:18] INFO {'symbol': 'eosusdt ', 'type': 'step0'}
Wed, 26 Aug 2020 14:21:53:wirte_log.py[line:18] INFO http://openapinx.v3.wbfexchina.top/open/api/market_dept
Wed, 26 Aug 2020 14:21:53:wirte_log.py[line:18] INFO <Response [500]>
Wed, 26 Aug 2020 14:38:20:wirte_log.py[line:18] INFO {'symbol': 'eosusdt ', 'type': 'step0'}
Wed, 26 Aug 2020 14:38:20:wirte_log.py[line:18] INFO http://openapinx.v3.wbfexchina.top/open/api/market_dept
Wed, 26 Aug 2020 14:38:20:wirte_log.py[line:18] INFO <Response [200]>
Wed, 26 Aug 2020 14:39:09:wirte_log.py[line:18] INFO {'symbol': 'eosusdt ', 'type': 'step0'}
Wed, 26 Aug 2020 14:39:09:wirte_log.py[line:18] INFO http://openapinx.v3.wbfexchina.top/open/api/market_dept
Wed, 26 Aug 2020 14:39:09:wirte_log.py[line:18] INFO <Response [200]>
Wed, 26 Aug 2020 14:42:55:wirte_log.py[line:18] INFO {'symbol': 'eosusdt ', 'type': 'step0'}
Wed, 26 Aug 2020 14:42:55:wirte_log.py[line:18] INFO http://openapinx.v3.wbfexchina.top/open/api/market_dept
Wed, 26 Aug 2020 14:42:55:wirte_log.py[line:18] INFO {'code': '0', 'msg': 'suc', 'data': {'tick': {'asks': [[3.0694, 11], [3.1091, 12], [3.1562, 2], [3.2326, 15], [3.4051, 18], [3.421, 8], [3.4672, 3], [3.4803, 10], [3.4904, 16], [3.5141, 19], [3.556, 6], [3.5572, 7], [3.707, 4], [3.7797, 20], [3.7933, 1], [3.9481, 9], [3.9831, 11]], 'bids': [[2.966, 13], [2.8827, 10], [2.8716, 20], [2.8465, 2], [2.8144, 3], [2.7436, 19], [2.7416, 15], [2.683, 16], [2.6718, 7], [2.638, 18], [2.5323, 17], [2.5004, 11], [2.4645, 6], [2.4225, 9], [2.3684, 4], [2.2818, 12], [2.2092, 1], [2.1911, 8], [2.1743, 14], [2.092, 5]], 'time': 1598423970325}}}
Wed, 26 Aug 2020 14:48:55:wirte_log.py[line:18] INFO {'symbol': 'eosusdt', 'type': 'step0'}
Wed, 26 Aug 2020 14:48:55:wirte_log.py[line:18] INFO http://openapinx.v3.wbfexchina.top/open/api/market_dept
Wed, 26 Aug 2020 14:48:55:wirte_log.py[line:18] INFO {'code': '0', 'msg': 'suc', 'data': {'tick': {'asks': [[3.0694, 11], [3.1091, 12], [3.1562, 2], [3.2326, 15], [3.4051, 18], [3.421, 8], [3.4672, 3], [3.4803, 10], [3.4904, 16], [3.5141, 19], [3.556, 6], [3.5572, 7], [3.707, 4], [3.7797, 20], [3.7933, 1], [3.9481, 9], [3.9831, 11]], 'bids': [[2.966, 13], [2.8827, 10], [2.8716, 20], [2.8465, 2], [2.8144, 3], [2.7436, 19], [2.7416, 15], [2.683, 16], [2.6718, 7], [2.638, 18], [2.5323, 17], [2.5004, 11], [2.4645, 6], [2.4225, 9], [2.3684, 4], [2.2818, 12], [2.2092, 1], [2.1911, 8], [2.1743, 14], [2.092, 5]], 'time': 1598423970325}}}
Wed, 26 Aug 2020 14:48:55:wirte_log.py[line:18] INFO {'symbol': 'eosusdt'}
Wed, 26 Aug 2020 14:48:55:wirte_log.py[line:18] INFO http://openapinx.v3.wbfexchina.top/open/api/market
Wed, 26 Aug 2020 14:48:55:wirte_log.py[line:18] INFO 3.0543
Wed, 26 Aug 2020 14:48:56:wirte_log.py[line:18] INFO {'symbol': 'eosusdt', 'type': 'step0'}
Wed, 26 Aug 2020 14:48:56:wirte_log.py[line:18] INFO http://openapinx.v3.wbfexchina.top/open/api/market_dept
Wed, 26 Aug 2020 14:48:56:wirte_log.py[line:18] INFO {'code': '0', 'msg': 'suc', 'data': {'tick': {'asks': [[3.0694, 11], [3.1091, 12], [3.1562, 2], [3.2326, 15], [3.4051, 18], [3.421, 8], [3.4672, 3], [3.4803, 10], [3.4904, 16], [3.5141, 19], [3.556, 6], [3.5572, 7], [3.707, 4], [3.7797, 20], [3.7933, 1], [3.9481, 9], [3.9831, 11]], 'bids': [[2.966, 13], [2.8827, 10], [2.8716, 20], [2.8465, 2], [2.8144, 3], [2.7436, 19], [2.7416, 15], [2.683, 16], [2.6718, 7], [2.638, 18], [2.5323, 17], [2.5004, 11], [2.4645, 6], [2.4225, 9], [2.3684, 4], [2.2818, 12], [2.2092, 1], [2.1911, 8], [2.1743, 14], [2.092, 5]], 'time': 1598423970325}}}
Wed, 26 Aug 2020 14:50:18:wirte_log.py[line:18] INFO {'symbol': 'eosusdt', 'type': 'step0'}
Wed, 26 Aug 2020 14:50:18:wirte_log.py[line:18] INFO http://openapinx.v3.wbfexchina.top/open/api/market_dept
Wed, 26 Aug 2020 14:50:18:wirte_log.py[line:18] INFO {'code': '0', 'msg': 'suc', 'data': {'tick': {'asks': [[3.0694, 11], [3.1091, 12], [3.1562, 2], [3.2326, 15], [3.4051, 18], [3.421, 8], [3.4672, 3], [3.4803, 10], [3.4904, 16], [3.5141, 19], [3.556, 6], [3.5572, 7], [3.707, 4], [3.7797, 20], [3.7933, 1], [3.9481, 9], [3.9831, 11]], 'bids': [[2.966, 13], [2.8827, 10], [2.8716, 20], [2.8465, 2], [2.8144, 3], [2.7436, 19], [2.7416, 15], [2.683, 16], [2.6718, 7], [2.638, 18], [2.5323, 17], [2.5004, 11], [2.4645, 6], [2.4225, 9], [2.3684, 4], [2.2818, 12], [2.2092, 1], [2.1911, 8], [2.1743, 14], [2.092, 5]], 'time': 1598423970325}}}
Wed, 26 Aug 2020 14:50:19:wirte_log.py[line:18] INFO {'symbol': 'eosusdt'}
Wed, 26 Aug 2020 14:50:19:wirte_log.py[line:18] INFO http://openapinx.v3.wbfexchina.top/open/api/market
Wed, 26 Aug 2020 14:50:19:wirte_log.py[line:18] INFO 3.0543
Wed, 26 Aug 2020 14:50:19:wirte_log.py[line:18] INFO {'symbol': 'eosusdt', 'type': 'step0'}
Wed, 26 Aug 2020 14:50:19:wirte_log.py[line:18] INFO http://openapinx.v3.wbfexchina.top/open/api/market_dept
Wed, 26 Aug 2020 14:50:19:wirte_log.py[line:18] INFO {'code': '0', 'msg': 'suc', 'data': {'tick': {'asks': [[3.0694, 11], [3.1091, 12], [3.1562, 2], [3.2326, 15], [3.4051, 18], [3.421, 8], [3.4672, 3], [3.4803, 10], [3.4904, 16], [3.5141, 19], [3.556, 6], [3.5572, 7], [3.707, 4], [3.7797, 20], [3.7933, 1], [3.9481, 9], [3.9831, 11]], 'bids': [[2.966, 13], [2.8827, 10], [2.8716, 20], [2.8465, 2], [2.8144, 3], [2.7436, 19], [2.7416, 15], [2.683, 16], [2.6718, 7], [2.638, 18], [2.5323, 17], [2.5004, 11], [2.4645, 6], [2.4225, 9], [2.3684, 4], [2.2818, 12], [2.2092, 1], [2.1911, 8], [2.1743, 14], [2.092, 5]], 'time': 1598423970325}}}
Wed, 26 Aug 2020 14:51:15:wirte_log.py[line:18] INFO {'symbol': 'eosusdt', 'type': 'step0'}
Wed, 26 Aug 2020 14:51:15:wirte_log.py[line:18] INFO http://openapinx.v3.wbfexchina.top/open/api/market_dept
Wed, 26 Aug 2020 14:51:15:wirte_log.py[line:18] INFO {'code': '0', 'msg': 'suc', 'data': {'tick': {'asks': [[3.0694, 11], [3.1091, 12], [3.1562, 2], [3.2326, 15], [3.4051, 18], [3.421, 8], [3.4672, 3], [3.4803, 10], [3.4904, 16], [3.5141, 19], [3.556, 6], [3.5572, 7], [3.707, 4], [3.7797, 20], [3.7933, 1], [3.9481, 9], [3.9831, 11]], 'bids': [[2.966, 13], [2.8827, 10], [2.8716, 20], [2.8465, 2], [2.8144, 3], [2.7436, 19], [2.7416, 15], [2.683, 16], [2.6718, 7], [2.638, 18], [2.5323, 17], [2.5004, 11], [2.4645, 6], [2.4225, 9], [2.3684, 4], [2.2818, 12], [2.2092, 1], [2.1911, 8], [2.1743, 14], [2.092, 5]], 'time': 1598423970325}}}
Wed, 26 Aug 2020 14:51:15:wirte_log.py[line:18] INFO {'symbol': 'eosusdt'}
Wed, 26 Aug 2020 14:51:15:wirte_log.py[line:18] INFO http://openapinx.v3.wbfexchina.top/open/api/market
Wed, 26 Aug 2020 14:51:15:wirte_log.py[line:18] INFO 3.0543
Wed, 26 Aug 2020 14:51:16:wirte_log.py[line:18] INFO {'symbol': 'eosusdt', 'type': 'step0'}
Wed, 26 Aug 2020 14:51:16:wirte_log.py[line:18] INFO http://openapinx.v3.wbfexchina.top/open/api/market_dept
Wed, 26 Aug 2020 14:51:16:wirte_log.py[line:18] INFO {'code': '0', 'msg': 'suc', 'data': {'tick': {'asks': [[3.0694, 11], [3.1091, 12], [3.1562, 2], [3.2326, 15], [3.4051, 18], [3.421, 8], [3.4672, 3], [3.4803, 10], [3.4904, 16], [3.5141, 19], [3.556, 6], [3.5572, 7], [3.707, 4], [3.7797, 20], [3.7933, 1], [3.9481, 9], [3.9831, 11]], 'bids': [[2.966, 13], [2.8827, 10], [2.8716, 20], [2.8465, 2], [2.8144, 3], [2.7436, 19], [2.7416, 15], [2.683, 16], [2.6718, 7], [2.638, 18], [2.5323, 17], [2.5004, 11], [2.4645, 6], [2.4225, 9], [2.3684, 4], [2.2818, 12], [2.2092, 1], [2.1911, 8], [2.1743, 14], [2.092, 5]], 'time': 1598423970325}}}
Wed, 26 Aug 2020 14:51:58:wirte_log.py[line:18] INFO {'symbol': 'eosusdt', 'type': 'step0'}
Wed, 26 Aug 2020 14:51:58:wirte_log.py[line:18] INFO http://openapinx.v3.wbfexchina.top/open/api/market_dept
Wed, 26 Aug 2020 14:51:58:wirte_log.py[line:18] INFO {'code': '0', 'msg': 'suc', 'data': {'tick': {'asks': [[3.0694, 11], [3.1091, 12], [3.1562, 2], [3.2326, 15], [3.4051, 18], [3.421, 8], [3.4672, 3], [3.4803, 10], [3.4904, 16], [3.5141, 19], [3.556, 6], [3.5572, 7], [3.707, 4], [3.7797, 20], [3.7933, 1], [3.9481, 9], [3.9831, 11]], 'bids': [[2.966, 13], [2.8827, 10], [2.8716, 20], [2.8465, 2], [2.8144, 3], [2.7436, 19], [2.7416, 15], [2.683, 16], [2.6718, 7], [2.638, 18], [2.5323, 17], [2.5004, 11], [2.4645, 6], [2.4225, 9], [2.3684, 4], [2.2818, 12], [2.2092, 1], [2.1911, 8], [2.1743, 14], [2.092, 5]], 'time': 1598423970325}}}
Wed, 26 Aug 2020 14:51:59:wirte_log.py[line:18] INFO {'symbol': 'eosusdt'}
Wed, 26 Aug 2020 14:51:59:wirte_log.py[line:18] INFO http://openapinx.v3.wbfexchina.top/open/api/market
Wed, 26 Aug 2020 14:51:59:wirte_log.py[line:18] INFO 3.0543
Wed, 26 Aug 2020 14:51:59:wirte_log.py[line:18] INFO {'symbol': 'eosusdt', 'type': 'step0'}
Wed, 26 Aug 2020 14:51:59:wirte_log.py[line:18] INFO http://openapinx.v3.wbfexchina.top/open/api/market_dept
Wed, 26 Aug 2020 14:51:59:wirte_log.py[line:18] INFO {'code': '0', 'msg': 'suc', 'data': {'tick': {'asks': [[3.0694, 11], [3.1091, 12], [3.1562, 2], [3.2326, 15], [3.4051, 18], [3.421, 8], [3.4672, 3], [3.4803, 10], [3.4904, 16], [3.5141, 19], [3.556, 6], [3.5572, 7], [3.707, 4], [3.7797, 20], [3.7933, 1], [3.9481, 9], [3.9831, 11]], 'bids': [[2.966, 13], [2.8827, 10], [2.8716, 20], [2.8465, 2], [2.8144, 3], [2.7436, 19], [2.7416, 15], [2.683, 16], [2.6718, 7], [2.638, 18], [2.5323, 17], [2.5004, 11], [2.4645, 6], [2.4225, 9], [2.3684, 4], [2.2818, 12], [2.2092, 1], [2.1911, 8], [2.1743, 14], [2.092, 5]], 'time': 1598423970325}}}
Wed, 26 Aug 2020 14:53:05:wirte_log.py[line:18] INFO {'symbol': 'eosusdt', 'type': 'step0'}
Wed, 26 Aug 2020 14:53:05:wirte_log.py[line:18] INFO http://openapinx.v3.wbfexchina.top/open/api/market_dept
Wed, 26 Aug 2020 14:53:05:wirte_log.py[line:18] INFO {'code': '0', 'msg': 'suc', 'data': {'tick': {'asks': [[3.0694, 11], [3.1091, 12], [3.1562, 2], [3.2326, 15], [3.4051, 18], [3.421, 8], [3.4672, 3], [3.4803, 10], [3.4904, 16], [3.5141, 19], [3.556, 6], [3.5572, 7], [3.707, 4], [3.7797, 20], [3.7933, 1], [3.9481, 9], [3.9831, 11]], 'bids': [[2.966, 13], [2.8827, 10], [2.8716, 20], [2.8465, 2], [2.8144, 3], [2.7436, 19], [2.7416, 15], [2.683, 16], [2.6718, 7], [2.638, 18], [2.5323, 17], [2.5004, 11], [2.4645, 6], [2.4225, 9], [2.3684, 4], [2.2818, 12], [2.2092, 1], [2.1911, 8], [2.1743, 14], [2.092, 5]], 'time': 1598423970325}}}
Wed, 26 Aug 2020 14:53:05:wirte_log.py[line:18] INFO {'symbol': 'eosusdt'}
Wed, 26 Aug 2020 14:53:05:wirte_log.py[line:18] INFO http://openapinx.v3.wbfexchina.top/open/api/market
Wed, 26 Aug 2020 14:53:05:wirte_log.py[line:18] INFO 3.0543
Wed, 26 Aug 2020 14:53:06:wirte_log.py[line:18] INFO {'symbol': 'eosusdt', 'type': 'step0'}
Wed, 26 Aug 2020 14:53:06:wirte_log.py[line:18] INFO http://openapinx.v3.wbfexchina.top/open/api/market_dept
Wed, 26 Aug 2020 14:53:06:wirte_log.py[line:18] INFO {'code': '0', 'msg': 'suc', 'data': {'tick': {'asks': [[3.0694, 11], [3.1091, 12], [3.1562, 2], [3.2326, 15], [3.4051, 18], [3.421, 8], [3.4672, 3], [3.4803, 10], [3.4904, 16], [3.5141, 19], [3.556, 6], [3.5572, 7], [3.707, 4], [3.7797, 20], [3.7933, 1], [3.9481, 9], [3.9831, 11]], 'bids': [[2.966, 13], [2.8827, 10], [2.8716, 20], [2.8465, 2], [2.8144, 3], [2.7436, 19], [2.7416, 15], [2.683, 16], [2.6718, 7], [2.638, 18], [2.5323, 17], [2.5004, 11], [2.4645, 6], [2.4225, 9], [2.3684, 4], [2.2818, 12], [2.2092, 1], [2.1911, 8], [2.1743, 14], [2.092, 5]], 'time': 1598423970325}}}
Wed, 26 Aug 2020 14:53:31:wirte_log.py[line:18] INFO {'symbol': 'eosusdt', 'type': 'step0'}
Wed, 26 Aug 2020 14:53:31:wirte_log.py[line:18] INFO http://openapinx.v3.wbfexchina.top/open/api/market_dept
Wed, 26 Aug 2020 14:53:31:wirte_log.py[line:18] INFO {'code': '0', 'msg': 'suc', 'data': {'tick': {'asks': [[3.0694, 11], [3.1091, 12], [3.1562, 2], [3.2326, 15], [3.4051, 18], [3.421, 8], [3.4672, 3], [3.4803, 10], [3.4904, 16], [3.5141, 19], [3.556, 6], [3.5572, 7], [3.707, 4], [3.7797, 20], [3.7933, 1], [3.9481, 9], [3.9831, 11]], 'bids': [[2.966, 13], [2.8827, 10], [2.8716, 20], [2.8465, 2], [2.8144, 3], [2.7436, 19], [2.7416, 15], [2.683, 16], [2.6718, 7], [2.638, 18], [2.5323, 17], [2.5004, 11], [2.4645, 6], [2.4225, 9], [2.3684, 4], [2.2818, 12], [2.2092, 1], [2.1911, 8], [2.1743, 14], [2.092, 5]], 'time': 1598423970325}}}
Wed, 26 Aug 2020 14:53:32:wirte_log.py[line:18] INFO {'symbol': 'eosusdt'}
Wed, 26 Aug 2020 14:53:32:wirte_log.py[line:18] INFO http://openapinx.v3.wbfexchina.top/open/api/market
Wed, 26 Aug 2020 14:53:32:wirte_log.py[line:18] INFO 3.0543
Wed, 26 Aug 2020 14:53:32:wirte_log.py[line:18] INFO {'symbol': 'eosusdt', 'type': 'step0'}
Wed, 26 Aug 2020 14:53:32:wirte_log.py[line:18] INFO http://openapinx.v3.wbfexchina.top/open/api/market_dept
Wed, 26 Aug 2020 14:53:32:wirte_log.py[line:18] INFO {'code': '0', 'msg': 'suc', 'data': {'tick': {'asks': [[3.0694, 11], [3.1091, 12], [3.1562, 2], [3.2326, 15], [3.4051, 18], [3.421, 8], [3.4672, 3], [3.4803, 10], [3.4904, 16], [3.5141, 19], [3.556, 6], [3.5572, 7], [3.707, 4], [3.7797, 20], [3.7933, 1], [3.9481, 9], [3.9831, 11]], 'bids': [[2.966, 13], [2.8827, 10], [2.8716, 20], [2.8465, 2], [2.8144, 3], [2.7436, 19], [2.7416, 15], [2.683, 16], [2.6718, 7], [2.638, 18], [2.5323, 17], [2.5004, 11], [2.4645, 6], [2.4225, 9], [2.3684, 4], [2.2818, 12], [2.2092, 1], [2.1911, 8], [2.1743, 14], [2.092, 5]], 'time': 1598423970325}}}
Wed, 26 Aug 2020 14:53:50:wirte_log.py[line:18] INFO {'symbol': 'eosusdt', 'type': 'step0'}
Wed, 26 Aug 2020 14:53:50:wirte_log.py[line:18] INFO http://openapinx.v3.wbfexchina.top/open/api/market_dept
Wed, 26 Aug 2020 14:53:50:wirte_log.py[line:18] INFO {'code': '0', 'msg': 'suc', 'data': {'tick': {'asks': [[3.0694, 11], [3.1091, 12], [3.1562, 2], [3.2326, 15], [3.4051, 18], [3.421, 8], [3.4672, 3], [3.4803, 10], [3.4904, 16], [3.5141, 19], [3.556, 6], [3.5572, 7], [3.707, 4], [3.7797, 20], [3.7933, 1], [3.9481, 9], [3.9831, 11]], 'bids': [[2.966, 13], [2.8827, 10], [2.8716, 20], [2.8465, 2], [2.8144, 3], [2.7436, 19], [2.7416, 15], [2.683, 16], [2.6718, 7], [2.638, 18], [2.5323, 17], [2.5004, 11], [2.4645, 6], [2.4225, 9], [2.3684, 4], [2.2818, 12], [2.2092, 1], [2.1911, 8], [2.1743, 14], [2.092, 5]], 'time': 1598423970325}}}
Wed, 26 Aug 2020 14:53:51:wirte_log.py[line:18] INFO {'symbol': 'eosusdt'}
Wed, 26 Aug 2020 14:53:51:wirte_log.py[line:18] INFO http://openapinx.v3.wbfexchina.top/open/api/market
Wed, 26 Aug 2020 14:53:51:wirte_log.py[line:18] INFO 3.0543
Wed, 26 Aug 2020 14:53:51:wirte_log.py[line:18] INFO {'symbol': 'eosusdt', 'type': 'step0'}
Wed, 26 Aug 2020 14:53:51:wirte_log.py[line:18] INFO http://openapinx.v3.wbfexchina.top/open/api/market_dept
Wed, 26 Aug 2020 14:53:51:wirte_log.py[line:18] INFO {'code': '0', 'msg': 'suc', 'data': {'tick': {'asks': [[3.0694, 11], [3.1091, 12], [3.1562, 2], [3.2326, 15], [3.4051, 18], [3.421, 8], [3.4672, 3], [3.4803, 10], [3.4904, 16], [3.5141, 19], [3.556, 6], [3.5572, 7], [3.707, 4], [3.7797, 20], [3.7933, 1], [3.9481, 9], [3.9831, 11]], 'bids': [[2.966, 13], [2.8827, 10], [2.8716, 20], [2.8465, 2], [2.8144, 3], [2.7436, 19], [2.7416, 15], [2.683, 16], [2.6718, 7], [2.638, 18], [2.5323, 17], [2.5004, 11], [2.4645, 6], [2.4225, 9], [2.3684, 4], [2.2818, 12], [2.2092, 1], [2.1911, 8], [2.1743, 14], [2.092, 5]], 'time': 1598423970325}}}
Wed, 26 Aug 2020 14:54:19:wirte_log.py[line:18] INFO {'symbol': 'eosusdt', 'type': 'step0'}
Wed, 26 Aug 2020 14:54:19:wirte_log.py[line:18] INFO http://openapinx.v3.wbfexchina.top/open/api/market_dept
Wed, 26 Aug 2020 14:54:19:wirte_log.py[line:18] INFO {'code': '0', 'msg': 'suc', 'data': {'tick': {'asks': [[3.0694, 11], [3.1091, 12], [3.1562, 2], [3.2326, 15], [3.4051, 18], [3.421, 8], [3.4672, 3], [3.4803, 10], [3.4904, 16], [3.5141, 19], [3.556, 6], [3.5572, 7], [3.707, 4], [3.7797, 20], [3.7933, 1], [3.9481, 9], [3.9831, 11]], 'bids': [[2.966, 13], [2.8827, 10], [2.8716, 20], [2.8465, 2], [2.8144, 3], [2.7436, 19], [2.7416, 15], [2.683, 16], [2.6718, 7], [2.638, 18], [2.5323, 17], [2.5004, 11], [2.4645, 6], [2.4225, 9], [2.3684, 4], [2.2818, 12], [2.2092, 1], [2.1911, 8], [2.1743, 14], [2.092, 5]], 'time': 1598423970325}}}
Wed, 26 Aug 2020 14:54:20:wirte_log.py[line:18] INFO {'symbol': 'eosusdt'}
Wed, 26 Aug 2020 14:54:20:wirte_log.py[line:18] INFO http://openapinx.v3.wbfexchina.top/open/api/market
Wed, 26 Aug 2020 14:54:20:wirte_log.py[line:18] INFO 3.0543
Wed, 26 Aug 2020 14:54:20:wirte_log.py[line:18] INFO {'symbol': 'eosusdt', 'type': 'step0'}
Wed, 26 Aug 2020 14:54:20:wirte_log.py[line:18] INFO http://openapinx.v3.wbfexchina.top/open/api/market_dept
Wed, 26 Aug 2020 14:54:20:wirte_log.py[line:18] INFO {'code': '0', 'msg': 'suc', 'data': {'tick': {'asks': [[3.0694, 11], [3.1091, 12], [3.1562, 2], [3.2326, 15], [3.4051, 18], [3.421, 8], [3.4672, 3], [3.4803, 10], [3.4904, 16], [3.5141, 19], [3.556, 6], [3.5572, 7], [3.707, 4], [3.7797, 20], [3.7933, 1], [3.9481, 9], [3.9831, 11]], 'bids': [[2.966, 13], [2.8827, 10], [2.8716, 20], [2.8465, 2], [2.8144, 3], [2.7436, 19], [2.7416, 15], [2.683, 16], [2.6718, 7], [2.638, 18], [2.5323, 17], [2.5004, 11], [2.4645, 6], [2.4225, 9], [2.3684, 4], [2.2818, 12], [2.2092, 1], [2.1911, 8], [2.1743, 14], [2.092, 5]], 'time': 1598423970325}}}
Wed, 26 Aug 2020 14:57:09:wirte_log.py[line:18] INFO {'symbol': 'eosusdt', 'type': 'step0'}
Wed, 26 Aug 2020 14:57:09:wirte_log.py[line:18] INFO http://openapinx.v3.wbfexchina.top/open/api/market_dept
Wed, 26 Aug 2020 14:57:09:wirte_log.py[line:18] INFO {'code': '0', 'msg': 'suc', 'data': {'tick': {'asks': [[3.0694, 11], [3.1091, 12], [3.1562, 2], [3.2326, 15], [3.4051, 18], [3.421, 8], [3.4672, 3], [3.4803, 10], [3.4904, 16], [3.5141, 19], [3.556, 6], [3.5572, 7], [3.707, 4], [3.7797, 20], [3.7933, 1], [3.9481, 9], [3.9831, 11]], 'bids': [[2.966, 13], [2.8827, 10], [2.8716, 20], [2.8465, 2], [2.8144, 3], [2.7436, 19], [2.7416, 15], [2.683, 16], [2.6718, 7], [2.638, 18], [2.5323, 17], [2.5004, 11], [2.4645, 6], [2.4225, 9], [2.3684, 4], [2.2818, 12], [2.2092, 1], [2.1911, 8], [2.1743, 14], [2.092, 5]], 'time': 1598423970325}}}
Wed, 26 Aug 2020 14:57:09:wirte_log.py[line:18] INFO {'symbol': 'eosusdt'}
Wed, 26 Aug 2020 14:57:09:wirte_log.py[line:18] INFO http://openapinx.v3.wbfexchina.top/open/api/market
Wed, 26 Aug 2020 14:57:09:wirte_log.py[line:18] INFO 3.0543
Wed, 26 Aug 2020 14:57:09:wirte_log.py[line:18] INFO {'symbol': 'eosusdt', 'type': 'step0'}
Wed, 26 Aug 2020 14:57:09:wirte_log.py[line:18] INFO http://openapinx.v3.wbfexchina.top/open/api/market_dept
Wed, 26 Aug 2020 14:57:09:wirte_log.py[line:18] INFO {'code': '0', 'msg': 'suc', 'data': {'tick': {'asks': [[3.0694, 11], [3.1091, 12], [3.1562, 2], [3.2326, 15], [3.4051, 18], [3.421, 8], [3.4672, 3], [3.4803, 10], [3.4904, 16], [3.5141, 19], [3.556, 6], [3.5572, 7], [3.707, 4], [3.7797, 20], [3.7933, 1], [3.9481, 9], [3.9831, 11]], 'bids': [[2.966, 13], [2.8827, 10], [2.8716, 20], [2.8465, 2], [2.8144, 3], [2.7436, 19], [2.7416, 15], [2.683, 16], [2.6718, 7], [2.638, 18], [2.5323, 17], [2.5004, 11], [2.4645, 6], [2.4225, 9], [2.3684, 4], [2.2818, 12], [2.2092, 1], [2.1911, 8], [2.1743, 14], [2.092, 5]], 'time': 1598423970325}}}
Wed, 26 Aug 2020 14:58:06:wirte_log.py[line:18] INFO {'symbol': 'eosusdt', 'type': 'step0'}
Wed, 26 Aug 2020 14:58:06:wirte_log.py[line:18] INFO http://openapinx.v3.wbfexchina.top/open/api/market_dept
Wed, 26 Aug 2020 14:58:06:wirte_log.py[line:18] INFO {'code': '0', 'msg': 'suc', 'data': {'tick': {'asks': [[3.0694, 11], [3.1091, 12], [3.1562, 2], [3.2326, 15], [3.4051, 18], [3.421, 8], [3.4672, 3], [3.4803, 10], [3.4904, 16], [3.5141, 19], [3.556, 6], [3.5572, 7], [3.707, 4], [3.7797, 20], [3.7933, 1], [3.9481, 9], [3.9831, 11]], 'bids': [[2.966, 13], [2.8827, 10], [2.8716, 20], [2.8465, 2], [2.8144, 3], [2.7436, 19], [2.7416, 15], [2.683, 16], [2.6718, 7], [2.638, 18], [2.5323, 17], [2.5004, 11], [2.4645, 6], [2.4225, 9], [2.3684, 4], [2.2818, 12], [2.2092, 1], [2.1911, 8], [2.1743, 14], [2.092, 5]], 'time': 1598423970325}}}
Wed, 26 Aug 2020 14:58:07:wirte_log.py[line:18] INFO {'symbol': 'eosusdt'}
Wed, 26 Aug 2020 14:58:07:wirte_log.py[line:18] INFO http://openapinx.v3.wbfexchina.top/open/api/market
Wed, 26 Aug 2020 14:58:07:wirte_log.py[line:18] INFO 3.0543
Wed, 26 Aug 2020 14:58:07:wirte_log.py[line:18] INFO {'symbol': 'eosusdt', 'type': 'step0'}
Wed, 26 Aug 2020 14:58:07:wirte_log.py[line:18] INFO http://openapinx.v3.wbfexchina.top/open/api/market_dept
Wed, 26 Aug 2020 14:58:07:wirte_log.py[line:18] INFO {'code': '0', 'msg': 'suc', 'data': {'tick': {'asks': [[3.0694, 11], [3.1091, 12], [3.1562, 2], [3.2326, 15], [3.4051, 18], [3.421, 8], [3.4672, 3], [3.4803, 10], [3.4904, 16], [3.5141, 19], [3.556, 6], [3.5572, 7], [3.707, 4], [3.7797, 20], [3.7933, 1], [3.9481, 9], [3.9831, 11]], 'bids': [[2.966, 13], [2.8827, 10], [2.8716, 20], [2.8465, 2], [2.8144, 3], [2.7436, 19], [2.7416, 15], [2.683, 16], [2.6718, 7], [2.638, 18], [2.5323, 17], [2.5004, 11], [2.4645, 6], [2.4225, 9], [2.3684, 4], [2.2818, 12], [2.2092, 1], [2.1911, 8], [2.1743, 14], [2.092, 5]], 'time': 1598423970325}}}
Wed, 26 Aug 2020 14:58:07:wirte_log.py[line:18] INFO {'side': 'SELL', 'type': 1, 'volume': 1, 'symbol': 'eosusdt', 'price': 2.9661000000000004, 'api_key': 'bb0aac30e0b3c58dcbdd619da372a7f2', 'time': 1598425087, 'sign': '5a25b416371589c781eb6cecd80b0d5b'}
Wed, 26 Aug 2020 14:58:07:wirte_log.py[line:18] INFO http://openapinx.v3.wbfexchina.top/open/api/create_order
Wed, 26 Aug 2020 14:58:07:wirte_log.py[line:18] INFO {'code': '5', 'msg': 'Place the order failed', 'data': None}
Wed, 26 Aug 2020 15:01:26:wirte_log.py[line:18] INFO {'symbol': 'eosusdt', 'type': 'step0'}
Wed, 26 Aug 2020 15:01:26:wirte_log.py[line:18] INFO http://openapinx.v3.wbfexchina.top/open/api/market_dept
Wed, 26 Aug 2020 15:01:26:wirte_log.py[line:18] INFO {'code': '0', 'msg': 'suc', 'data': {'tick': {'asks': [[3.0694, 8], [3.1091, 12], [3.1562, 2], [3.2326, 15], [3.4051, 18], [3.421, 8], [3.4672, 3], [3.4803, 10], [3.4904, 16], [3.5141, 19], [3.556, 6], [3.5572, 7], [3.707, 4], [3.7797, 20], [3.7933, 1], [3.9481, 9], [3.9831, 11]], 'bids': [[2.966, 13], [2.8827, 10], [2.8716, 20], [2.8465, 2], [2.8144, 3], [2.7436, 19], [2.7416, 15], [2.683, 16], [2.6718, 7], [2.638, 18], [2.5323, 17], [2.5004, 11], [2.4645, 6], [2.4225, 9], [2.3684, 4], [2.2818, 12], [2.2092, 1], [2.1911, 8], [2.1743, 14], [2.092, 5]], 'time': 1598425133325}}}
Wed, 26 Aug 2020 15:01:26:wirte_log.py[line:18] INFO {'symbol': 'eosusdt'}
Wed, 26 Aug 2020 15:01:26:wirte_log.py[line:18] INFO http://openapinx.v3.wbfexchina.top/open/api/market
Wed, 26 Aug 2020 15:01:26:wirte_log.py[line:18] INFO 3.0543
Wed, 26 Aug 2020 15:01:27:wirte_log.py[line:18] INFO {'symbol': 'eosusdt', 'type': 'step0'}
Wed, 26 Aug 2020 15:01:27:wirte_log.py[line:18] INFO http://openapinx.v3.wbfexchina.top/open/api/market_dept
Wed, 26 Aug 2020 15:01:27:wirte_log.py[line:18] INFO {'code': '0', 'msg': 'suc', 'data': {'tick': {'asks': [[3.0694, 8], [3.1091, 12], [3.1562, 2], [3.2326, 15], [3.4051, 18], [3.421, 8], [3.4672, 3], [3.4803, 10], [3.4904, 16], [3.5141, 19], [3.556, 6], [3.5572, 7], [3.707, 4], [3.7797, 20], [3.7933, 1], [3.9481, 9], [3.9831, 11]], 'bids': [[2.966, 13], [2.8827, 10], [2.8716, 20], [2.8465, 2], [2.8144, 3], [2.7436, 19], [2.7416, 15], [2.683, 16], [2.6718, 7], [2.638, 18], [2.5323, 17], [2.5004, 11], [2.4645, 6], [2.4225, 9], [2.3684, 4], [2.2818, 12], [2.2092, 1], [2.1911, 8], [2.1743, 14], [2.092, 5]], 'time': 1598425133325}}}
Wed, 26 Aug 2020 15:01:27:wirte_log.py[line:18] INFO {'side': 'SELL', 'type': 1, 'volume': 1, 'symbol': 'eosusdt', 'price': 2.9661000000000004, 'api_key': 'bb0aac30e0b3c58dcbdd619da372a7f2', 'time': 1598425287, 'sign': '58fd85e0b227fbd3a8177d55b96e9d3b'}
Wed, 26 Aug 2020 15:01:27:wirte_log.py[line:18] INFO http://openapinx.v3.wbfexchina.top/open/api/create_order
Wed, 26 Aug 2020 15:01:27:wirte_log.py[line:18] INFO {'code': '5', 'msg': 'Place the order failed', 'data': None}
Wed, 26 Aug 2020 15:03:09:wirte_log.py[line:18] INFO {'symbol': 'eosusdt', 'type': 'step0'}
Wed, 26 Aug 2020 15:03:09:wirte_log.py[line:18] INFO http://openapinx.v3.wbfexchina.top/open/api/market_dept
Wed, 26 Aug 2020 15:03:09:wirte_log.py[line:18] INFO {'code': '0', 'msg': 'suc', 'data': {'tick': {'asks': [[3.0694, 8], [3.1091, 12], [3.1562, 2], [3.2326, 15], [3.4051, 18], [3.421, 8], [3.4672, 3], [3.4803, 10], [3.4904, 16], [3.5141, 19], [3.556, 6], [3.5572, 7], [3.707, 4], [3.7797, 20], [3.7933, 1], [3.9481, 9], [3.9831, 11]], 'bids': [[2.966, 13], [2.8827, 10], [2.8716, 20], [2.8465, 2], [2.8144, 3], [2.7436, 19], [2.7416, 15], [2.683, 16], [2.6718, 7], [2.638, 18], [2.5323, 17], [2.5004, 11], [2.4645, 6], [2.4225, 9], [2.3684, 4], [2.2818, 12], [2.2092, 1], [2.1911, 8], [2.1743, 14], [2.092, 5]], 'time': 1598425133325}}}
Wed, 26 Aug 2020 15:03:10:wirte_log.py[line:18] INFO {'symbol': 'eosusdt'}
Wed, 26 Aug 2020 15:03:10:wirte_log.py[line:18] INFO http://openapinx.v3.wbfexchina.top/open/api/market
Wed, 26 Aug 2020 15:03:10:wirte_log.py[line:18] INFO 3.0543
Wed, 26 Aug 2020 15:03:10:wirte_log.py[line:18] INFO {'symbol': 'eosusdt', 'type': 'step0'}
Wed, 26 Aug 2020 15:03:10:wirte_log.py[line:18] INFO http://openapinx.v3.wbfexchina.top/open/api/market_dept
Wed, 26 Aug 2020 15:03:10:wirte_log.py[line:18] INFO {'code': '0', 'msg': 'suc', 'data': {'tick': {'asks': [[3.0694, 8], [3.1091, 12], [3.1562, 2], [3.2326, 15], [3.4051, 18], [3.421, 8], [3.4672, 3], [3.4803, 10], [3.4904, 16], [3.5141, 19], [3.556, 6], [3.5572, 7], [3.707, 4], [3.7797, 20], [3.7933, 1], [3.9481, 9], [3.9831, 11]], 'bids': [[2.966, 13], [2.8827, 10], [2.8716, 20], [2.8465, 2], [2.8144, 3], [2.7436, 19], [2.7416, 15], [2.683, 16], [2.6718, 7], [2.638, 18], [2.5323, 17], [2.5004, 11], [2.4645, 6], [2.4225, 9], [2.3684, 4], [2.2818, 12], [2.2092, 1], [2.1911, 8], [2.1743, 14], [2.092, 5]], 'time': 1598425133325}}}
Wed, 26 Aug 2020 15:03:10:wirte_log.py[line:18] INFO {'side': 'SELL', 'type': 1, 'volume': 1, 'symbol': 'eosusdt', 'price': 2.9661000000000004, 'api_key': 'bb0aac30e0b3c58dcbdd619da372a7f2', 'time': 1598425390, 'sign': 'c648f023e9189df11e3145f291112e20'}
Wed, 26 Aug 2020 15:03:10:wirte_log.py[line:18] INFO http://openapinx.v3.wbfexchina.top/open/api/create_order
Wed, 26 Aug 2020 15:03:10:wirte_log.py[line:18] INFO {'code': '5', 'msg': 'Place the order failed', 'data': None}
Wed, 26 Aug 2020 15:04:08:wirte_log.py[line:18] INFO {'symbol': 'eosusdt', 'type': 'step0'}
Wed, 26 Aug 2020 15:04:08:wirte_log.py[line:18] INFO http://openapinx.v3.wbfexchina.top/open/api/market_dept
Wed, 26 Aug 2020 15:04:08:wirte_log.py[line:18] INFO {'code': '0', 'msg': 'suc', 'data': {'tick': {'asks': [[3.0694, 8], [3.1091, 12], [3.1562, 2], [3.2326, 15], [3.4051, 18], [3.421, 8], [3.4672, 3], [3.4803, 10], [3.4904, 16], [3.5141, 19], [3.556, 6], [3.5572, 7], [3.707, 4], [3.7797, 20], [3.7933, 1], [3.9481, 9], [3.9831, 11]], 'bids': [[2.966, 13], [2.8827, 10], [2.8716, 20], [2.8465, 2], [2.8144, 3], [2.7436, 19], [2.7416, 15], [2.683, 16], [2.6718, 7], [2.638, 18], [2.5323, 17], [2.5004, 11], [2.4645, 6], [2.4225, 9], [2.3684, 4], [2.2818, 12], [2.2092, 1], [2.1911, 8], [2.1743, 14], [2.092, 5]], 'time': 1598425133325}}}
Wed, 26 Aug 2020 15:04:08:wirte_log.py[line:18] INFO {'symbol': 'eosusdt'}
Wed, 26 Aug 2020 15:04:08:wirte_log.py[line:18] INFO http://openapinx.v3.wbfexchina.top/open/api/market
Wed, 26 Aug 2020 15:04:08:wirte_log.py[line:18] INFO 3.0543
Wed, 26 Aug 2020 15:04:08:wirte_log.py[line:18] INFO {'symbol': 'eosusdt', 'type': 'step0'}
Wed, 26 Aug 2020 15:04:08:wirte_log.py[line:18] INFO http://openapinx.v3.wbfexchina.top/open/api/market_dept
Wed, 26 Aug 2020 15:04:08:wirte_log.py[line:18] INFO {'code': '0', 'msg': 'suc', 'data': {'tick': {'asks': [[3.0694, 8], [3.1091, 12], [3.1562, 2], [3.2326, 15], [3.4051, 18], [3.421, 8], [3.4672, 3], [3.4803, 10], [3.4904, 16], [3.5141, 19], [3.556, 6], [3.5572, 7], [3.707, 4], [3.7797, 20], [3.7933, 1], [3.9481, 9], [3.9831, 11]], 'bids': [[2.966, 13], [2.8827, 10], [2.8716, 20], [2.8465, 2], [2.8144, 3], [2.7436, 19], [2.7416, 15], [2.683, 16], [2.6718, 7], [2.638, 18], [2.5323, 17], [2.5004, 11], [2.4645, 6], [2.4225, 9], [2.3684, 4], [2.2818, 12], [2.2092, 1], [2.1911, 8], [2.1743, 14], [2.092, 5]], 'time': 1598425133325}}}
Wed, 26 Aug 2020 15:04:09:wirte_log.py[line:18] INFO {'side': 'SELL', 'type': 1, 'volume': 1, 'symbol': 'eosusdt', 'price': 2.9661, 'api_key': 'bb0aac30e0b3c58dcbdd619da372a7f2', 'time': 1598425448, 'sign': '449821b33d6306570d32c6cadf4ed422'}
Wed, 26 Aug 2020 15:04:09:wirte_log.py[line:18] INFO http://openapinx.v3.wbfexchina.top/open/api/create_order
Wed, 26 Aug 2020 15:04:09:wirte_log.py[line:18] INFO {'code': '0', 'msg': 'suc', 'data': {'order_id': 85381}}
Wed, 26 Aug 2020 16:39:39:wirte_log.py[line:18] INFO {'symbol': 'eosusdt', 'type': 'step0'}
Wed, 26 Aug 2020 16:39:39:wirte_log.py[line:18] INFO http://openapinx.v3.wbfexchina.top/open/api/market_dept
Wed, 26 Aug 2020 16:39:39:wirte_log.py[line:18] INFO {'code': '0', 'msg': 'suc', 'data': {'tick': {'asks': [[3.0694, 7], [3.1091, 12], [3.1562, 2], [3.2326, 15], [3.4051, 18], [3.421, 8], [3.4672, 3], [3.4803, 10], [3.4904, 16], [3.5141, 19], [3.556, 6], [3.5572, 7], [3.707, 4], [3.7797, 20], [3.7933, 1], [3.9481, 9], [3.9831, 11]], 'bids': [[2.9661, 1], [2.966, 13], [2.8827, 10], [2.8716, 20], [2.8465, 2], [2.8144, 3], [2.7436, 19], [2.7416, 15], [2.683, 16], [2.6718, 7], [2.638, 18], [2.5323, 17], [2.5004, 11], [2.4645, 6], [2.4225, 9], [2.3684, 4], [2.2818, 12], [2.2092, 1], [2.1911, 8], [2.1743, 14], [2.092, 5]], 'time': 1598430776684}}}
Wed, 26 Aug 2020 16:39:39:wirte_log.py[line:18] INFO {'symbol': 'eosusdt'}
Wed, 26 Aug 2020 16:39:39:wirte_log.py[line:18] INFO http://openapinx.v3.wbfexchina.top/open/api/market
Wed, 26 Aug 2020 16:39:39:wirte_log.py[line:18] INFO 3.0694
Wed, 26 Aug 2020 16:39:40:wirte_log.py[line:18] INFO {'symbol': 'eosusdt', 'type': 'step0'}
Wed, 26 Aug 2020 16:39:40:wirte_log.py[line:18] INFO http://openapinx.v3.wbfexchina.top/open/api/market_dept
Wed, 26 Aug 2020 16:39:40:wirte_log.py[line:18] INFO {'code': '0', 'msg': 'suc', 'data': {'tick': {'asks': [[3.0694, 7], [3.1091, 12], [3.1562, 2], [3.2326, 15], [3.4051, 18], [3.421, 8], [3.4672, 3], [3.4803, 10], [3.4904, 16], [3.5141, 19], [3.556, 6], [3.5572, 7], [3.707, 4], [3.7797, 20], [3.7933, 1], [3.9481, 9], [3.9831, 11]], 'bids': [[2.9661, 1], [2.966, 13], [2.8827, 10], [2.8716, 20], [2.8465, 2], [2.8144, 3], [2.7436, 19], [2.7416, 15], [2.683, 16], [2.6718, 7], [2.638, 18], [2.5323, 17], [2.5004, 11], [2.4645, 6], [2.4225, 9], [2.3684, 4], [2.2818, 12], [2.2092, 1], [2.1911, 8], [2.1743, 14], [2.092, 5]], 'time': 1598430776684}}}
Wed, 26 Aug 2020 16:39:40:wirte_log.py[line:18] INFO {'side': 'SELL', 'type': 1, 'volume': 1, 'symbol': 'eosusdt', 'price': 2.9662, 'api_key': 'bb0aac30e0b3c58dcbdd619da372a7f2', 'time': 1598431180, 'sign': '721e2bddfad238ad5bd2d7bd62b2b84b'}
Wed, 26 Aug 2020 16:39:40:wirte_log.py[line:18] INFO http://openapinx.v3.wbfexchina.top/open/api/create_order
Wed, 26 Aug 2020 16:39:40:wirte_log.py[line:18] INFO {'code': '0', 'msg': 'suc', 'data': {'order_id': 85385}}
Wed, 26 Aug 2020 16:59:45:wirte_log.py[line:18] INFO {'symbol': 'eosusdt', 'type': 'step0'}
Wed, 26 Aug 2020 16:59:45:wirte_log.py[line:18] INFO http://openapinx.v3.wbfexchina.top/open/api/market_dept
Wed, 26 Aug 2020 16:59:45:wirte_log.py[line:18] INFO {'code': '0', 'msg': 'suc', 'data': {'tick': {'asks': [[2.9662, 1], [3.0694, 7], [3.1091, 12], [3.1562, 2], [3.2326, 15], [3.4051, 18], [3.421, 8], [3.4672, 3], [3.4803, 10], [3.4904, 16], [3.5141, 19], [3.556, 6], [3.5572, 7], [3.707, 4], [3.7797, 20], [3.7933, 1], [3.9481, 9], [3.9831, 11]], 'bids': [[2.9661, 1], [2.966, 13], [2.8827, 10], [2.8716, 20], [2.8465, 2], [2.8144, 3], [2.7436, 19], [2.7416, 15], [2.683, 16], [2.6718, 7], [2.638, 18], [2.5323, 17], [2.5004, 11], [2.4645, 6], [2.4225, 9], [2.3684, 4], [2.2818, 12], [2.2092, 1], [2.1911, 8], [2.1743, 14], [2.092, 5]], 'time': 1598431180684}}}
Wed, 26 Aug 2020 16:59:45:wirte_log.py[line:18] INFO {'symbol': 'eosusdt'}
Wed, 26 Aug 2020 16:59:45:wirte_log.py[line:18] INFO http://openapinx.v3.wbfexchina.top/open/api/market
Wed, 26 Aug 2020 16:59:45:wirte_log.py[line:18] INFO 3.0694
Wed, 26 Aug 2020 16:59:46:wirte_log.py[line:18] INFO {'symbol': 'eosusdt', 'type': 'step0'}
Wed, 26 Aug 2020 16:59:46:wirte_log.py[line:18] INFO http://openapinx.v3.wbfexchina.top/open/api/market_dept
Wed, 26 Aug 2020 16:59:46:wirte_log.py[line:18] INFO {'code': '0', 'msg': 'suc', 'data': {'tick': {'asks': [[2.9662, 1], [3.0694, 7], [3.1091, 12], [3.1562, 2], [3.2326, 15], [3.4051, 18], [3.421, 8], [3.4672, 3], [3.4803, 10], [3.4904, 16], [3.5141, 19], [3.556, 6], [3.5572, 7], [3.707, 4], [3.7797, 20], [3.7933, 1], [3.9481, 9], [3.9831, 11]], 'bids': [[2.9661, 1], [2.966, 13], [2.8827, 10], [2.8716, 20], [2.8465, 2], [2.8144, 3], [2.7436, 19], [2.7416, 15], [2.683, 16], [2.6718, 7], [2.638, 18], [2.5323, 17], [2.5004, 11], [2.4645, 6], [2.4225, 9], [2.3684, 4], [2.2818, 12], [2.2092, 1], [2.1911, 8], [2.1743, 14], [2.092, 5]], 'time': 1598431180684}}}
Wed, 26 Aug 2020 16:59:46:wirte_log.py[line:18] INFO {'side': 'SELL', 'type': 1, 'volume': 1, 'symbol': 'eosusdt', 'price': 2.9661, 'api_key': 'bb0aac30e0b3c58dcbdd619da372a7f2', 'time': 1598432386, 'sign': '37e4e5744449ed1afbb34e35381d2542'}
Wed, 26 Aug 2020 16:59:46:wirte_log.py[line:18] INFO http://openapinx.v3.wbfexchina.top/open/api/create_order
Wed, 26 Aug 2020 16:59:46:wirte_log.py[line:18] INFO {'code': '0', 'msg': 'suc', 'data': {'order_id': 85386}}
Wed, 26 Aug 2020 17:01:09:wirte_log.py[line:18] INFO {'symbol': 'eosusdt', 'type': 'step0'}
Wed, 26 Aug 2020 17:01:09:wirte_log.py[line:18] INFO http://openapinx.v3.wbfexchina.top/open/api/market_dept
Wed, 26 Aug 2020 17:01:09:wirte_log.py[line:18] INFO {'code': '0', 'msg': 'suc', 'data': {'tick': {'asks': [[2.9662, 1], [3.0694, 7], [3.1091, 12], [3.1562, 2], [3.2326, 15], [3.4051, 18], [3.421, 8], [3.4672, 3], [3.4803, 10], [3.4904, 16], [3.5141, 19], [3.556, 6], [3.5572, 7], [3.707, 4], [3.7797, 20], [3.7933, 1], [3.9481, 9], [3.9831, 11]], 'bids': [[2.966, 13], [2.8827, 10], [2.8716, 20], [2.8465, 2], [2.8144, 3], [2.7436, 19], [2.7416, 15], [2.683, 16], [2.6718, 7], [2.638, 18], [2.5323, 17], [2.5004, 11], [2.4645, 6], [2.4225, 9], [2.3684, 4], [2.2818, 12], [2.2092, 1], [2.1911, 8], [2.1743, 14], [2.092, 5]], 'time': 1598432387160}}}
Wed, 26 Aug 2020 17:01:09:wirte_log.py[line:18] INFO {'symbol': 'eosusdt'}
Wed, 26 Aug 2020 17:01:09:wirte_log.py[line:18] INFO http://openapinx.v3.wbfexchina.top/open/api/market
Wed, 26 Aug 2020 17:01:09:wirte_log.py[line:18] INFO 2.9661
Wed, 26 Aug 2020 17:01:09:wirte_log.py[line:18] INFO {'symbol': 'eosusdt', 'type': 'step0'}
Wed, 26 Aug 2020 17:01:09:wirte_log.py[line:18] INFO http://openapinx.v3.wbfexchina.top/open/api/market_dept
Wed, 26 Aug 2020 17:01:09:wirte_log.py[line:18] INFO {'code': '0', 'msg': 'suc', 'data': {'tick': {'asks': [[2.9662, 1], [3.0694, 7], [3.1091, 12], [3.1562, 2], [3.2326, 15], [3.4051, 18], [3.421, 8], [3.4672, 3], [3.4803, 10], [3.4904, 16], [3.5141, 19], [3.556, 6], [3.5572, 7], [3.707, 4], [3.7797, 20], [3.7933, 1], [3.9481, 9], [3.9831, 11]], 'bids': [[2.966, 13], [2.8827, 10], [2.8716, 20], [2.8465, 2], [2.8144, 3], [2.7436, 19], [2.7416, 15], [2.683, 16], [2.6718, 7], [2.638, 18], [2.5323, 17], [2.5004, 11], [2.4645, 6], [2.4225, 9], [2.3684, 4], [2.2818, 12], [2.2092, 1], [2.1911, 8], [2.1743, 14], [2.092, 5]], 'time': 1598432387160}}}
Wed, 26 Aug 2020 17:01:10:wirte_log.py[line:18] INFO {'side': 'SELL', 'type': 1, 'volume': 13, 'symbol': 'eosusdt', 'price': 2.966, 'api_key': 'bb0aac30e0b3c58dcbdd619da372a7f2', 'time': 1598432469, 'sign': '42739f956eeb6143f088652b3cbb8f13'}
Wed, 26 Aug 2020 17:01:10:wirte_log.py[line:18] INFO http://openapinx.v3.wbfexchina.top/open/api/create_order
Wed, 26 Aug 2020 17:01:10:wirte_log.py[line:18] INFO {'code': '0', 'msg': 'suc', 'data': {'order_id': 85387}}
Wed, 26 Aug 2020 17:11:23:wirte_log.py[line:18] INFO {'symbol': 'eosusdt', 'type': 'step0'}
Wed, 26 Aug 2020 17:11:23:wirte_log.py[line:18] INFO http://openapinx.v3.wbfexchina.top/open/api/market_dept
Wed, 26 Aug 2020 17:11:23:wirte_log.py[line:18] INFO {'code': '0', 'msg': 'suc', 'data': {'tick': {'asks': [[2.9662, 1], [3.0694, 7], [3.1091, 12], [3.1562, 2], [3.2326, 15], [3.4051, 18], [3.421, 8], [3.4672, 3], [3.4803, 10], [3.4904, 16], [3.5141, 19], [3.556, 6], [3.5572, 7], [3.707, 4], [3.7797, 20], [3.7933, 1], [3.9481, 9], [3.9831, 11]], 'bids': [[2.8827, 10], [2.8716, 20], [2.8465, 2], [2.8144, 3], [2.7436, 19], [2.7416, 15], [2.683, 16], [2.6718, 7], [2.638, 18], [2.5323, 17], [2.5004, 11], [2.4645, 6], [2.4225, 9], [2.3684, 4], [2.2818, 12], [2.2092, 1], [2.1911, 8], [2.1743, 14], [2.092, 5]], 'time': 1598432470195}}}
Wed, 26 Aug 2020 17:11:23:wirte_log.py[line:18] INFO {'symbol': 'eosusdt'}
Wed, 26 Aug 2020 17:11:23:wirte_log.py[line:18] INFO http://openapinx.v3.wbfexchina.top/open/api/market
Wed, 26 Aug 2020 17:11:23:wirte_log.py[line:18] INFO 2.966
Wed, 26 Aug 2020 17:11:24:wirte_log.py[line:18] INFO {'symbol': 'eosusdt', 'type': 'step0'}
Wed, 26 Aug 2020 17:11:24:wirte_log.py[line:18] INFO http://openapinx.v3.wbfexchina.top/open/api/market_dept
Wed, 26 Aug 2020 17:11:24:wirte_log.py[line:18] INFO {'code': '0', 'msg': 'suc', 'data': {'tick': {'asks': [[2.9662, 1], [3.0694, 7], [3.1091, 12], [3.1562, 2], [3.2326, 15], [3.4051, 18], [3.421, 8], [3.4672, 3], [3.4803, 10], [3.4904, 16], [3.5141, 19], [3.556, 6], [3.5572, 7], [3.707, 4], [3.7797, 20], [3.7933, 1], [3.9481, 9], [3.9831, 11]], 'bids': [[2.8827, 10], [2.8716, 20], [2.8465, 2], [2.8144, 3], [2.7436, 19], [2.7416, 15], [2.683, 16], [2.6718, 7], [2.638, 18], [2.5323, 17], [2.5004, 11], [2.4645, 6], [2.4225, 9], [2.3684, 4], [2.2818, 12], [2.2092, 1], [2.1911, 8], [2.1743, 14], [2.092, 5]], 'time': 1598432470195}}}
Wed, 26 Aug 2020 17:11:24:wirte_log.py[line:18] INFO {'side': 'SELL', 'type': 1, 'volume': 9, 'symbol': 'eosusdt', 'price': 2.8827, 'api_key': 'bb0aac30e0b3c58dcbdd619da372a7f2', 'time': 1598433084, 'sign': '0fb6bc9e95ce74675759f17a0d6d39dd'}
Wed, 26 Aug 2020 17:11:24:wirte_log.py[line:18] INFO http://openapinx.v3.wbfexchina.top/open/api/create_order
Wed, 26 Aug 2020 17:11:24:wirte_log.py[line:18] INFO {'code': '0', 'msg': 'suc', 'data': {'order_id': 85388}}
Wed, 26 Aug 2020 17:12:34:wirte_log.py[line:18] INFO {'symbol': 'eosusdt', 'type': 'step0'}
Wed, 26 Aug 2020 17:12:34:wirte_log.py[line:18] INFO http://openapinx.v3.wbfexchina.top/open/api/market_dept
Wed, 26 Aug 2020 17:12:34:wirte_log.py[line:18] INFO {'code': '0', 'msg': 'suc', 'data': {'tick': {'asks': [[2.9662, 1], [3.0694, 7], [3.1091, 12], [3.1562, 2], [3.2326, 15], [3.4051, 18], [3.421, 8], [3.4672, 3], [3.4803, 10], [3.4904, 16], [3.5141, 19], [3.556, 6], [3.5572, 7], [3.707, 4], [3.7797, 20], [3.7933, 1], [3.9481, 9], [3.9831, 11]], 'bids': [[2.8827, 1], [2.8716, 20], [2.8465, 2], [2.8144, 3], [2.7436, 19], [2.7416, 15], [2.683, 16], [2.6718, 7], [2.638, 18], [2.5323, 17], [2.5004, 11], [2.4645, 6], [2.4225, 9], [2.3684, 4], [2.2818, 12], [2.2092, 1], [2.1911, 8], [2.1743, 14], [2.092, 5]], 'time': 1598433084684}}}
Wed, 26 Aug 2020 17:12:34:wirte_log.py[line:18] INFO {'symbol': 'eosusdt'}
Wed, 26 Aug 2020 17:12:34:wirte_log.py[line:18] INFO http://openapinx.v3.wbfexchina.top/open/api/market
Wed, 26 Aug 2020 17:12:34:wirte_log.py[line:18] INFO 2.8827
Wed, 26 Aug 2020 17:12:34:wirte_log.py[line:18] INFO {'symbol': 'eosusdt', 'type': 'step0'}
Wed, 26 Aug 2020 17:12:34:wirte_log.py[line:18] INFO http://openapinx.v3.wbfexchina.top/open/api/market_dept
Wed, 26 Aug 2020 17:12:34:wirte_log.py[line:18] INFO {'code': '0', 'msg': 'suc', 'data': {'tick': {'asks': [[2.9662, 1], [3.0694, 7], [3.1091, 12], [3.1562, 2], [3.2326, 15], [3.4051, 18], [3.421, 8], [3.4672, 3], [3.4803, 10], [3.4904, 16], [3.5141, 19], [3.556, 6], [3.5572, 7], [3.707, 4], [3.7797, 20], [3.7933, 1], [3.9481, 9], [3.9831, 11]], 'bids': [[2.8827, 1], [2.8716, 20], [2.8465, 2], [2.8144, 3], [2.7436, 19], [2.7416, 15], [2.683, 16], [2.6718, 7], [2.638, 18], [2.5323, 17], [2.5004, 11], [2.4645, 6], [2.4225, 9], [2.3684, 4], [2.2818, 12], [2.2092, 1], [2.1911, 8], [2.1743, 14], [2.092, 5]], 'time': 1598433084684}}}
Wed, 26 Aug 2020 17:12:35:wirte_log.py[line:18] INFO {'side': 'SELL', 'type': 1, 'volume': 2, 'symbol': 'eosusdt', 'price': 2.8827, 'api_key': 'bb0aac30e0b3c58dcbdd619da372a7f2', 'time': 1598433154, 'sign': '6f5710dfbc9a4bdfd5d176f55b6b93b5'}
Wed, 26 Aug 2020 17:12:35:wirte_log.py[line:18] INFO http://openapinx.v3.wbfexchina.top/open/api/create_order
Wed, 26 Aug 2020 17:12:35:wirte_log.py[line:18] INFO {'code': '0', 'msg': 'suc', 'data': {'order_id': 85389}}
Wed, 26 Aug 2020 17:28:06:wirte_log.py[line:18] INFO {'symbol': 'eosusdt', 'type': 'step0'}
Wed, 26 Aug 2020 17:28:06:wirte_log.py[line:18] INFO http://openapinx.v3.wbfexchina.top/open/api/market_dept
Wed, 26 Aug 2020 17:28:06:wirte_log.py[line:18] INFO {'code': '0', 'msg': 'suc', 'data': {'tick': {'asks': [[2.8827, 1], [2.9662, 1], [3.0694, 7], [3.1091, 12], [3.1562, 2], [3.2326, 15], [3.4051, 18], [3.421, 8], [3.4672, 3], [3.4803, 10], [3.4904, 16], [3.5141, 19], [3.556, 6], [3.5572, 7], [3.707, 4], [3.7797, 20], [3.7933, 1], [3.9481, 9], [3.9831, 11]], 'bids': [[2.8716, 20], [2.8465, 2], [2.8144, 3], [2.7436, 19], [2.7416, 15], [2.683, 16], [2.6718, 7], [2.638, 18], [2.5323, 17], [2.5004, 11], [2.4645, 6], [2.4225, 9], [2.3684, 4], [2.2818, 12], [2.2092, 1], [2.1911, 8], [2.1743, 14], [2.092, 5]], 'time': 1598433155195}}}
Wed, 26 Aug 2020 17:28:07:wirte_log.py[line:18] INFO {'symbol': 'eosusdt'}
Wed, 26 Aug 2020 17:28:07:wirte_log.py[line:18] INFO http://openapinx.v3.wbfexchina.top/open/api/market
Wed, 26 Aug 2020 17:28:07:wirte_log.py[line:18] INFO 2.8827
Wed, 26 Aug 2020 17:28:07:wirte_log.py[line:18] INFO {'symbol': 'eosusdt', 'type': 'step0'}
Wed, 26 Aug 2020 17:28:07:wirte_log.py[line:18] INFO http://openapinx.v3.wbfexchina.top/open/api/market_dept
Wed, 26 Aug 2020 17:28:07:wirte_log.py[line:18] INFO {'code': '0', 'msg': 'suc', 'data': {'tick': {'asks': [[2.8827, 1], [2.9662, 1], [3.0694, 7], [3.1091, 12], [3.1562, 2], [3.2326, 15], [3.4051, 18], [3.421, 8], [3.4672, 3], [3.4803, 10], [3.4904, 16], [3.5141, 19], [3.556, 6], [3.5572, 7], [3.707, 4], [3.7797, 20], [3.7933, 1], [3.9481, 9], [3.9831, 11]], 'bids': [[2.8716, 20], [2.8465, 2], [2.8144, 3], [2.7436, 19], [2.7416, 15], [2.683, 16], [2.6718, 7], [2.638, 18], [2.5323, 17], [2.5004, 11], [2.4645, 6], [2.4225, 9], [2.3684, 4], [2.2818, 12], [2.2092, 1], [2.1911, 8], [2.1743, 14], [2.092, 5]], 'time': 1598433155195}}}
Wed, 26 Aug 2020 17:28:07:wirte_log.py[line:18] INFO {'side': 'SELL', 'type': 1, 'volume': 1, 'symbol': 'eosusdt', 'price': 2.8717, 'api_key': 'bb0aac30e0b3c58dcbdd619da372a7f2', 'time': 1598434087, 'sign': 'f3b53deb1bcdb7fdccbe52ada5a4c620'}
Wed, 26 Aug 2020 17:28:07:wirte_log.py[line:18] INFO http://openapinx.v3.wbfexchina.top/open/api/create_order
Wed, 26 Aug 2020 17:28:07:wirte_log.py[line:18] INFO {'code': '0', 'msg': 'suc', 'data': {'order_id': 85390}}
Wed, 26 Aug 2020 17:28:08:wirte_log.py[line:18] INFO {'order_id': 85390, 'symbol': 'eosusdt', 'api_key': 'bb0aac30e0b3c58dcbdd619da372a7f2', 'time': 1598434087, 'sign': '143baf749d9faf13efc3a5da17a7ed6d'}
Wed, 26 Aug 2020 17:28:08:wirte_log.py[line:18] INFO http://openapinx.v3.wbfexchina.top/open/api/cancel_order
Wed, 26 Aug 2020 17:28:08:wirte_log.py[line:18] INFO {'code': '0', 'msg': 'suc', 'data': None}
Wed, 26 Aug 2020 18:21:58:wirte_log.py[line:18] INFO {'api_key': 'bb0aac30e0b3c58dcbdd619da372a7f2', 'time': 1598437317.2528858, 'sign': 'bf10108efe2c0d91d53775967fbdfabc'}
Wed, 26 Aug 2020 18:21:58:wirte_log.py[line:18] INFO http://openapinx.v3.wbfexchina.top/open/api/user/account
Wed, 26 Aug 2020 18:21:58:wirte_log.py[line:18] INFO {'code': '0', 'msg': 'suc', 'data': {'total_asset': '22972.05289173', 'coin_list': [{'normal': '0.00000000', 'btcValuatin': '0.00000000', 'locked': '0.00000000', 'coin': 'bbc'}, {'normal': '0.00000000', 'btcValuatin': '0.00000000', 'locked': '0.00000000', 'coin': 'kto'}, {'normal': '0.00000000', 'btcValuatin': '0.00000000', 'locked': '0.00000000', 'coin': 'susd'}, {'normal': '0.00000000', 'btcValuatin': '0.00000000', 'locked': '0.00000000', 'coin': 'ccmt'}, {'normal': '0.00000000', 'btcValuatin': '0.00000000', 'locked': '0.00000000', 'coin': 'aa'}, {'normal': '0.00000000', 'btcValuatin': '0.00000000', 'locked': '0.00000000', 'coin': 'bcb'}, {'normal': '0.00000000', 'btcValuatin': '0.00000000', 'locked': '0.00000000', 'coin': 'bcd'}, {'normal': '0.00000000', 'btcValuatin': '0.00000000', 'locked': '0.00000000', 'coin': 'hpb'}, {'normal': '0.00000000', 'btcValuatin': '0.00000000', 'locked': '0.00000000', 'coin': 'uin'}, {'normal': '0.00000000', 'btcValuatin': '0.00000000', 'locked': '0.00000000', 'coin': 'ba'}, {'normal': '0.00000000', 'btcValuatin': '0.00000000', 'locked': '0.00000000', 'coin': 'bb'}, {'normal': '0.00000000', 'btcValuatin': '0.00000000', 'locked': '0.00000000', 'coin': 'ubic'}, {'normal': '0.00000000', 'btcValuatin': '0.00000000', 'locked': '0.00000000', 'coin': 'btr'}, {'normal': '0.00000000', 'btcValuatin': '0.00000000', 'locked': '0.00000000', 'coin': 'ong'}, {'normal': '0.00000000', 'btcValuatin': '0.00000000', 'locked': '0.00000000', 'coin': 'br'}, {'normal': '0.00000000', 'btcValuatin': '0.00000000', 'locked': '0.00000000', 'coin': 'sar999410101s'}, {'normal': '0.00000000', 'btcValuatin': '0.00000000', 'locked': '0.00000000', 'coin': 'btcv'}, {'normal': '0.00000000', 'btcValuatin': '0.00000000', 'locked': '0.00000000', 'coin': 'st'}, {'normal': '0.00000000', 'btcValuatin': '0.00000000', 'locked': '0.00000000', 'coin': 'jung'}, {'normal': '0.00000000', 'btcValuatin': '0.00000000', 'locked': '0.00000000', 'coin': 'gos'}, {'normal': '0.00000000', 'btcValuatin': '0.00000000', 'locked': '0.00000000', 'coin': 'flowerfather'}, {'normal': '0.00000000', 'btcValuatin': '0.00000000', 'locked': '0.00000000', 'coin': 'bfc'}, {'normal': '0.00000000', 'btcValuatin': '0.00000000', 'locked': '0.00000000', 'coin': 'ada'}, {'normal': '0.00000000', 'btcValuatin': '0.00000000', 'locked': '0.00000000', 'coin': 'icx'}, {'normal': '0.00000000', 'btcValuatin': '0.00000000', 'locked': '0.00000000', 'coin': 'ty'}, {'normal': '0.00000000', 'btcValuatin': '0.00000000', 'locked': '0.00000000', 'coin': 'doge'}, {'normal': '0.00000000', 'btcValuatin': '0.00000000', 'locked': '0.00000000', 'coin': 'xas'}, {'normal': '0.00000000', 'btcValuatin': '0.00000000', 'locked': '0.00000000', 'coin': 'auc'}, {'normal': '0.00000000', 'btcValuatin': '0.00000000', 'locked': '0.00000000', 'coin': 'wbfusd'}, {'normal': '0.00000000', 'btcValuatin': '0.00000000', 'locked': '0.00000000', 'coin': 'bcdm'}, {'normal': '0.00000000', 'btcValuatin': '0.00000000', 'locked': '0.00000000', 'coin': 'kava'}, {'normal': '0.00000000', 'btcValuatin': '0.00000000', 'locked': '0.00000000', 'coin': 'xsg'}, {'normal': '0.00000000', 'btcValuatin': '0.00000000', 'locked': '0.00000000', 'coin': 'jungl'}, {'normal': '0.00000000', 'btcValuatin': '0.00000000', 'locked': '0.00000000', 'coin': 'gas'}, {'normal': '0.00000000', 'btcValuatin': '0.00000000', 'locked': '0.00000000', 'coin': 'tusdt'}, {'normal': '0.00000000', 'btcValuatin': '0.00000000', 'locked': '0.00000000', 'coin': 'undt'}, {'normal': '0.00000000', 'btcValuatin': '0.00000000', 'locked': '0.00000000', 'coin': 'xdc'}, {'normal': '0.00000000', 'btcValuatin': '0.00000000', 'locked': '0.00000000', 'coin': 'btxm'}, {'normal': '0.00000000', 'btcValuatin': '0.00000000', 'locked': '0.00000000', 'coin': 'hdu'}, {'normal': '0.00000000', 'btcValuatin': '0.00000000', 'locked': '0.00000000', 'coin': 'zhf'}, {'normal': '0.00000000', 'btcValuatin': '0.00000000', 'locked': '0.00000000', 'coin': 'dtcm'}, {'normal': '0.00000000', 'btcValuatin': '0.00000000', 'locked': '0.00000000', 'coin': 'hbtt'}, {'normal': '0.00000000', 'btcValuatin': '0.00000000', 'locked': '0.00000000', 'coin': 'xtz'}, {'normal': '0.00000000', 'btcValuatin': '0.00000000', 'locked': '0.00000000', 'coin': 'testyun'}, {'normal': '0.00000000', 'btcValuatin': '0.00000000', 'locked': '0.00000000', 'coin': 'whc1'}, {'normal': '0.00000000', 'btcValuatin': '0.00000000', 'locked': '0.00000000', 'coin': 'epc'}, {'normal': '0.00000000', 'btcValuatin': '0.00000000', 'locked': '0.00000000', 'coin': 'dnp'}, {'normal': '0.00000000', 'btcValuatin': '0.00000000', 'locked': '0.00000000', 'coin': 'vas'}, {'normal': '0.00000000', 'btcValuatin': '0.00000000', 'locked': '0.00000000', 'coin': 'vrp'}, {'normal': '0.00000000', 'btcValuatin': '0.00000000', 'locked': '0.00000000', 'coin': 'vbc'}, {'normal': '0.00000000', 'btcValuatin': '0.00000000', 'locked': '0.00000000', 'coin': 'test1'}, {'normal': '0.00000000', 'btcValuatin': '0.00000000', 'locked': '0.00000000', 'coin': 'test2'}, {'normal': '0.00000000', 'btcValuatin': '0.00000000', 'locked': '0.00000000', 'coin': 'test3'}, {'normal': '0.00000000', 'btcValuatin': '0.00000000', 'locked': '0.00000000', 'coin': 'test4'}, {'normal': '0.00000000', 'btcValuatin': '0.00000000', 'locked': '0.00000000', 'coin': 'test5'}, {'normal': '0.00000000', 'btcValuatin': '0.00000000', 'locked': '0.00000000', 'coin': 'test6'}, {'normal': '0.00000000', 'btcValuatin': '0.00000000', 'locked': '0.00000000', 'coin': 'dot'}, {'normal': '0.00000000', 'btcValuatin': '0.00000000', 'locked': '0.00000000', 'coin': 'ajm'}, {'normal': '0.00000000', 'btcValuatin': '0.00000000', 'locked': '0.00000000', 'coin': 'gft'}, {'normal': '0.00000000', 'btcValuatin': '0.00000000', 'locked': '0.00000000', 'coin': 'gost'}, {'normal': '0.00000000', 'btcValuatin': '0.00000000', 'locked': '0.00000000', 'coin': 'msn'}, {'normal': '0.00000000', 'btcValuatin': '0.00000000', 'locked': '0.00000000', 'coin': 'qki'}, {'normal': '0.00000000', 'btcValuatin': '0.00000000', 'locked': '0.00000000', 'coin': 'www'}, {'normal': '0.00000000', 'btcValuatin': '0.00000000', 'locked': '0.00000000', 'coin': 'alc'}, {'normal': '0.00000000', 'btcValuatin': '0.00000000', 'locked': '0.00000000', 'coin': 'xzc'}, {'normal': '0.00000000', 'btcValuatin': '0.00000000', 'locked': '0.00000000', 'coin': 'ucn'}, {'normal': '0.00000000', 'btcValuatin': '0.00000000', 'locked': '0.00000000', 'coin': 'zmy'}, {'normal': '1051.91', 'btcValuatin': '0.16723529', 'locked': '0.00000000', 'coin': 'usdt'}, {'normal': '0.00000000', 'btcValuatin': '0.00000000', 'locked': '0.00000000', 'coin': 'trx'}, {'normal': '0.00000000', 'btcValuatin': '0.00000000', 'locked': '0.00000000', 'coin': 'flower'}, {'normal': '0.00000000', 'btcValuatin': '0.00000000', 'locked': '0.00000000', 'coin': 'jungle'}, {'normal': '0.00000000', 'btcValuatin': '0.00000000', 'locked': '0.00000000', 'coin': 'nuls'}, {'normal': '0.00000000', 'btcValuatin': '0.00000000', 'locked': '0.00000000', 'coin': 'atrc'}, {'normal': '0.00000000', 'btcValuatin': '0.00000000', 'locked': '0.00000000', 'coin': 'sares'}, {'normal': '0.00000000', 'btcValuatin': '0.00000000', 'locked': '0.00000000', 'coin': 'sar'}, {'normal': '0.00000000', 'btcValuatin': '0.00000000', 'locked': '0.00000000', 'coin': 'tpch'}, {'normal': '0.00000000', 'btcValuatin': '0.00000000', 'locked': '0.00000000', 'coin': 'xla'}, {'normal': '0.00000000', 'btcValuatin': '0.00000000', 'locked': '0.00000000', 'coin': 'eodos'}, {'normal': '0.00000000', 'btcValuatin': '0.00000000', 'locked': '0.00000000', 'coin': 'xlm'}, {'normal': '0.00000000', 'btcValuatin': '0.00000000', 'locked': '0.00000000', 'coin': 'zpp'}, {'normal': '0.00000000', 'btcValuatin': '0.00000000', 'locked': '0.00000000', 'coin': 'gct999'}, {'normal': '0.00000000', 'btcValuatin': '0.00000000', 'locked': '0.00000000', 'coin': 'fans'}, {'normal': '0.00000000', 'btcValuatin': '0.00000000', 'locked': '0.00000000', 'coin': 'bab'}, {'normal': '0.00000000', 'btcValuatin': '0.00000000', 'locked': '0.00000000', 'coin': 'fil'}, {'normal': '0.00000000', 'btcValuatin': '0.00000000', 'locked': '0.00000000', 'coin': 'eidos'}, {'normal': '0.00000000', 'btcValuatin': '0.00000000', 'locked': '0.00000000', 'coin': 'cct'}, {'normal': '0.00000000', 'btcValuatin': '0.00000000', 'locked': '0.00000000', 'coin': 'oks'}, {'normal': '0.00000000', 'btcValuatin': '0.00000000', 'locked': '0.00000000', 'coin': 'xmr'}, {'normal': '0.00000000', 'btcValuatin': '0.00000000', 'locked': '0.00000000', 'coin': 'sar999asi'}, {'normal': '0.00000000', 'btcValuatin': '0.00000000', 'locked': '0.00000000', 'coin': 'eusdt'}, {'normal': '0.00000000', 'btcValuatin': '0.00000000', 'locked': '0.00000000', 'coin': 'btc'}, {'normal': '0.00000000', 'btcValuatin': '0.00000000', 'locked': '0.00000000', 'coin': 'eth'}, {'normal': '0.00000000', 'btcValuatin': '0.00000000', 'locked': '0.00000000', 'coin': 'wt'}, {'normal': '0.00000000', 'btcValuatin': '0.00000000', 'locked': '0.00000000', 'coin': 'ltc'}, {'normal': '974.00000000', 'btcValuatin': '22971.88565644', 'locked': '1.00000000', 'coin': 'eos'}, {'normal': '0.00000000', 'btcValuatin': '0.00000000', 'locked': '0.00000000', 'coin': 'lds'}, {'normal': '0.00000000', 'btcValuatin': '0.00000000', 'locked': '0.00000000', 'coin': 'ine'}, {'normal': '0.00000000', 'btcValuatin': '0.00000000', 'locked': '0.00000000', 'coin': 'rnt'}, {'normal': '0.00000000', 'btcValuatin': '0.00000000', 'locked': '0.00000000', 'coin': 'bat'}, {'normal': '0.00000000', 'btcValuatin': '0.00000000', 'locked': '0.00000000', 'coin': 'dgd'}, {'normal': '0.00000000', 'btcValuatin': '0.00000000', 'locked': '0.00000000', 'coin': 'gnt'}, {'normal': '0.00000000', 'btcValuatin': '0.00000000', 'locked': '0.00000000', 'coin': 'link'}, {'normal': '0.00000000', 'btcValuatin': '0.00000000', 'locked': '0.00000000', 'coin': 'mana'}, {'normal': '0.00000000', 'btcValuatin': '0.00000000', 'locked': '0.00000000', 'coin': 'omg'}, {'normal': '0.00000000', 'btcValuatin': '0.00000000', 'locked': '0.00000000', 'coin': 'powr'}, {'normal': '0.00000000', 'btcValuatin': '0.00000000', 'locked': '0.00000000', 'coin': 'wax'}, {'normal': '0.00000000', 'btcValuatin': '0.00000000', 'locked': '0.00000000', 'coin': 'zil'}, {'normal': '0.00000000', 'btcValuatin': '0.00000000', 'locked': '0.00000000', 'coin': 'zrx'}, {'normal': '0.00000000', 'btcValuatin': '0.00000000', 'locked': '0.00000000', 'coin': 'dusd'}, {'normal': '0.00000000', 'btcValuatin': '0.00000000', 'locked': '0.00000000', 'coin': 'mwd'}, {'normal': '0.00000000', 'btcValuatin': '0.00000000', 'locked': '0.00000000', 'coin': 'tng'}, {'normal': '0.00000000', 'btcValuatin': '0.00000000', 'locked': '0.00000000', 'coin': 'nbc'}, {'normal': '0.00000000', 'btcValuatin': '0.00000000', 'locked': '0.00000000', 'coin': 'snt'}, {'normal': '0.00000000', 'btcValuatin': '0.00000000', 'locked': '0.00000000', 'coin': 'npxs'}, {'normal': '0.00000000', 'btcValuatin': '0.00000000', 'locked': '0.00000000', 'coin': 'wtc'}, {'normal': '0.00000000', 'btcValuatin': '0.00000000', 'locked': '0.00000000', 'coin': 'ivt'}, {'normal': '0.00000000', 'btcValuatin': '0.00000000', 'locked': '0.00000000', 'coin': 'gi'}, {'normal': '0.00000000', 'btcValuatin': '0.00000000', 'locked': '0.00000000', 'coin': 'koc'}, {'normal': '0.00000000', 'btcValuatin': '0.00000000', 'locked': '0.00000000', 'coin': 'bpay'}, {'normal': '0.00000000', 'btcValuatin': '0.00000000', 'locked': '0.00000000', 'coin': 'fcs'}, {'normal': '0.00000000', 'btcValuatin': '0.00000000', 'locked': '0.00000000', 'coin': 'dash'}, {'normal': '0.00000000', 'btcValuatin': '0.00000000', 'locked': '0.00000000', 'coin': 'zec'}, {'normal': '0.00000000', 'btcValuatin': '0.00000000', 'locked': '0.00000000', 'coin': 'emp'}, {'normal': '0.00000000', 'btcValuatin': '0.00000000', 'locked': '0.00000000', 'coin': 'crl'}, {'normal': '0.00000000', 'btcValuatin': '0.00000000', 'locked': '0.00000000', 'coin': 'keo'}, {'normal': '0.00000000', 'btcValuatin': '0.00000000', 'locked': '0.00000000', 'coin': 'qqbc'}, {'normal': '0.00000000', 'btcValuatin': '0.00000000', 'locked': '0.00000000', 'coin': 'cwc'}, {'normal': '0.00000000', 'btcValuatin': '0.00000000', 'locked': '0.00000000', 'coin': 'ehd'}, {'normal': '0.00000000', 'btcValuatin': '0.00000000', 'locked': '0.00000000', 'coin': 'bbos'}, {'normal': '0.00000000', 'btcValuatin': '0.00000000', 'locked': '0.00000000', 'coin': 'vcc'}, {'normal': '0.00000000', 'btcValuatin': '0.00000000', 'locked': '0.00000000', 'coin': 'bmj'}, {'normal': '0.00000000', 'btcValuatin': '0.00000000', 'locked': '0.00000000', 'coin': 'idbc'}, {'normal': '0.00000000', 'btcValuatin': '0.00000000', 'locked': '0.00000000', 'coin': 'rccc'}, {'normal': '0.00000000', 'btcValuatin': '0.00000000', 'locked': '0.00000000', 'coin': 'bnct'}, {'normal': '0.00000000', 'btcValuatin': '0.00000000', 'locked': '0.00000000', 'coin': 'ax'}, {'normal': '0.00000000', 'btcValuatin': '0.00000000', 'locked': '0.00000000', 'coin': 'os'}, {'normal': '0.00000000', 'btcValuatin': '0.00000000', 'locked': '0.00000000', 'coin': 'vsc'}, {'normal': '0.00000000', 'btcValuatin': '0.00000000', 'locked': '0.00000000', 'coin': 'bsv'}, {'normal': '0.00000000', 'btcValuatin': '0.00000000', 'locked': '0.00000000', 'coin': 'gyb'}, {'normal': '0.00000000', 'btcValuatin': '0.00000000', 'locked': '0.00000000', 'coin': 'sepc'}, {'normal': '0.00000000', 'btcValuatin': '0.00000000', 'locked': '0.00000000', 'coin': 'tc'}, {'normal': '0.00000000', 'btcValuatin': '0.00000000', 'locked': '0.00000000', 'coin': 'cocos'}, {'normal': '0.00000000', 'btcValuatin': '0.00000000', 'locked': '0.00000000', 'coin': 'txc'}, {'normal': '0.00000000', 'btcValuatin': '0.00000000', 'locked': '0.00000000', 'coin': 'xrp'}, {'normal': '0.00000000', 'btcValuatin': '0.00000000', 'locked': '0.00000000', 'coin': 'gcec'}, {'normal': '0.00000000', 'btcValuatin': '0.00000000', 'locked': '0.00000000', 'coin': 'bkc'}, {'normal': '0.00000000', 'btcValuatin': '0.00000000', 'locked': '0.00000000', 'coin': 'cm'}, {'normal': '0.00000000', 'btcValuatin': '0.00000000', 'locked': '0.00000000', 'coin': 'hg'}, {'normal': '0.00000000', 'btcValuatin': '0.00000000', 'locked': '0.00000000', 'coin': 'thbc'}, {'normal': '0.00000000', 'btcValuatin': '0.00000000', 'locked': '0.00000000', 'coin': 'hoh'}, {'normal': '0.00000000', 'btcValuatin': '0.00000000', 'locked': '0.00000000', 'coin': 'dch'}, {'normal': '0.00000000', 'btcValuatin': '0.00000000', 'locked': '0.00000000', 'coin': 'xmt'}, {'normal': '0.00000000', 'btcValuatin': '0.00000000', 'locked': '0.00000000', 'coin': 'xbbc'}, {'normal': '0.00000000', 'btcValuatin': '0.00000000', 'locked': '0.00000000', 'coin': 'zxh'}, {'normal': '0.00000000', 'btcValuatin': '0.00000000', 'locked': '0.00000000', 'coin': 'plg'}, {'normal': '0.00000000', 'btcValuatin': '0.00000000', 'locked': '0.00000000', 'coin': 'oe'}, {'normal': '0.00000000', 'btcValuatin': '0.00000000', 'locked': '0.00000000', 'coin': 'ytnb'}, {'normal': '0.00000000', 'btcValuatin': '0.00000000', 'locked': '0.00000000', 'coin': 'adf'}, {'normal': '0.00000000', 'btcValuatin': '0.00000000', 'locked': '0.00000000', 'coin': 'cso'}, {'normal': '0.00000000', 'btcValuatin': '0.00000000', 'locked': '0.00000000', 'coin': 'ver'}, {'normal': '0.00000000', 'btcValuatin': '0.00000000', 'locked': '0.00000000', 'coin': 'asc'}, {'normal': '0.00000000', 'btcValuatin': '0.00000000', 'locked': '0.00000000', 'coin': 'pcce'}, {'normal': '0.00000000', 'btcValuatin': '0.00000000', 'locked': '0.00000000', 'coin': 'crt'}, {'normal': '0.00000000', 'btcValuatin': '0.00000000', 'locked': '0.00000000', 'coin': 'rub'}, {'normal': '0.00000000', 'btcValuatin': '0.00000000', 'locked': '0.00000000', 'coin': 'bzc'}, {'normal': '0.00000000', 'btcValuatin': '0.00000000', 'locked': '0.00000000', 'coin': 'jld'}, {'normal': '0.00000000', 'btcValuatin': '0.00000000', 'locked': '0.00000000', 'coin': 'blm'}, {'normal': '0.00000000', 'btcValuatin': '0.00000000', 'locked': '0.00000000', 'coin': 'eccc'}, {'normal': '0.00000000', 'btcValuatin': '0.00000000', 'locked': '0.00000000', 'coin': 'tep'}, {'normal': '0.00000000', 'btcValuatin': '0.00000000', 'locked': '0.00000000', 'coin': 'dili'}, {'normal': '0.00000000', 'btcValuatin': '0.00000000', 'locked': '0.00000000', 'coin': 'cool'}, {'normal': '0.00000000', 'btcValuatin': '0.00000000', 'locked': '0.00000000', 'coin': 'jade'}, {'normal': '0.00000000', 'btcValuatin': '0.00000000', 'locked': '0.00000000', 'coin': 'yec'}, {'normal': '0.00000000', 'btcValuatin': '0.00000000', 'locked': '0.00000000', 'coin': 'tps'}, {'normal': '0.00000000', 'btcValuatin': '0.00000000', 'locked': '0.00000000', 'coin': 'bbtc'}, {'normal': '0.00000000', 'btcValuatin': '0.00000000', 'locked': '0.00000000', 'coin': 'b11'}, {'normal': '0.00000000', 'btcValuatin': '0.00000000', 'locked': '0.00000000', 'coin': 'mgm'}, {'normal': '0.00000000', 'btcValuatin': '0.00000000', 'locked': '0.00000000', 'coin': 'pon'}, {'normal': '0.00000000', 'btcValuatin': '0.00000000', 'locked': '0.00000000', 'coin': 'bch'}, {'normal': '0.00000000', 'btcValuatin': '0.00000000', 'locked': '0.00000000', 'coin': 'etc'}, {'normal': '0.00000000', 'btcValuatin': '0.00000000', 'locked': '0.00000000', 'coin': 'xky'}, {'normal': '0.00000000', 'btcValuatin': '0.00000000', 'locked': '0.00000000', 'coin': 'fil6'}, {'normal': '0.00000000', 'btcValuatin': '0.00000000', 'locked': '0.00000000', 'coin': 'egt'}, {'normal': '0.00000000', 'btcValuatin': '0.00000000', 'locked': '0.00000000', 'coin': 'qev'}, {'normal': '0.00000000', 'btcValuatin': '0.00000000', 'locked': '0.00000000', 'coin': 'mfcc'}, {'normal': '0.00000000', 'btcValuatin': '0.00000000', 'locked': '0.00000000', 'coin': 'arc'}, {'normal': '0.00000000', 'btcValuatin': '0.00000000', 'locked': '0.00000000', 'coin': 'ilc'}, {'normal': '0.00000000', 'btcValuatin': '0.00000000', 'locked': '0.00000000', 'coin': 'neo'}, {'normal': '0.00000000', 'btcValuatin': '0.00000000', 'locked': '0.00000000', 'coin': 'bcc'}, {'normal': '0.00000000', 'btcValuatin': '0.00000000', 'locked': '0.00000000', 'coin': 'ulam'}, {'normal': '0.00000000', 'btcValuatin': '0.00000000', 'locked': '0.00000000', 'coin': 'zdmt'}, {'normal': '0.00000000', 'btcValuatin': '0.00000000', 'locked': '0.00000000', 'coin': 'hdt'}, {'normal': '0.00000000', 'btcValuatin': '0.00000000', 'locked': '0.00000000', 'coin': 'glo'}, {'normal': '0.00000000', 'btcValuatin': '0.00000000', 'locked': '0.00000000', 'coin': 'grm'}, {'normal': '0.00000000', 'btcValuatin': '0.00000000', 'locked': '0.00000000', 'coin': 'time'}, {'normal': '0.00000000', 'btcValuatin': '0.00000000', 'locked': '0.00000000', 'coin': 'vidy'}, {'normal': '0.00000000', 'btcValuatin': '0.00000000', 'locked': '0.00000000', 'coin': 'qtum'}, {'normal': '0.00000000', 'btcValuatin': '0.00000000', 'locked': '0.00000000', 'coin': 'ljc'}, {'normal': '0.00000000', 'btcValuatin': '0.00000000', 'locked': '0.00000000', 'coin': 'cgw'}, {'normal': '0.00000000', 'btcValuatin': '0.00000000', 'locked': '0.00000000', 'coin': 'yst'}, {'normal': '0.00000000', 'btcValuatin': '0.00000000', 'locked': '0.00000000', 'coin': 'oxe'}, {'normal': '0.00000000', 'btcValuatin': '0.00000000', 'locked': '0.00000000', 'coin': '5gh'}, {'normal': '0.00000000', 'btcValuatin': '0.00000000', 'locked': '0.00000000', 'coin': 'caa'}, {'normal': '0.00000000', 'btcValuatin': '0.00000000', 'locked': '0.00000000', 'coin': 'lamb'}, {'normal': '0.00000000', 'btcValuatin': '0.00000000', 'locked': '0.00000000', 'coin': 'wpt'}, {'normal': '0.00000000', 'btcValuatin': '0.00000000', 'locked': '0.00000000', 'coin': 'spc'}, {'normal': '0.00000000', 'btcValuatin': '0.00000000', 'locked': '0.00000000', 'coin': 'jgjz'}, {'normal': '0.00000000', 'btcValuatin': '0.00000000', 'locked': '0.00000000', 'coin': 'abt'}, {'normal': '0.00000000', 'btcValuatin': '0.00000000', 'locked': '0.00000000', 'coin': 'etj'}, {'normal': '0.00000000', 'btcValuatin': '0.00000000', 'locked': '0.00000000', 'coin': 'vip'}, {'normal': '0.00000000', 'btcValuatin': '0.00000000', 'locked': '0.00000000', 'coin': 'bts'}, {'normal': '0.00000000', 'btcValuatin': '0.00000000', 'locked': '0.00000000', 'coin': 'ont'}, {'normal': '0.00000000', 'btcValuatin': '0.00000000', 'locked': '0.00000000', 'coin': 'bolom'}, {'normal': '0.00000000', 'btcValuatin': '0.00000000', 'locked': '0.00000000', 'coin': 'dcs'}, {'normal': '0.00000000', 'btcValuatin': '0.00000000', 'locked': '0.00000000', 'coin': 'etdog'}, {'normal': '0.00000000', 'btcValuatin': '0.00000000', 'locked': '0.00000000', 'coin': 'bao'}, {'normal': '0.00000000', 'btcValuatin': '0.00000000', 'locked': '0.00000000', 'coin': 'gold'}, {'normal': '0.00000000', 'btcValuatin': '0.00000000', 'locked': '0.00000000', 'coin': 'mxm'}, {'normal': '0.00000000', 'btcValuatin': '0.00000000', 'locked': '0.00000000', 'coin': 'ot'}, {'normal': '0.00000000', 'btcValuatin': '0.00000000', 'locked': '0.00000000', 'coin': 'nmst'}, {'normal': '0.00000000', 'btcValuatin': '0.00000000', 'locked': '0.00000000', 'coin': 'trip'}, {'normal': '0.00000000', 'btcValuatin': '0.00000000', 'locked': '0.00000000', 'coin': 'wine'}, {'normal': '0.00000000', 'btcValuatin': '0.00000000', 'locked': '0.00000000', 'coin': 'xem'}, {'normal': '0.00000000', 'btcValuatin': '0.00000000', 'locked': '0.00000000', 'coin': 'rmt'}, {'normal': '0.00000000', 'btcValuatin': '0.00000000', 'locked': '0.00000000', 'coin': 'pts'}, {'normal': '0.00000000', 'btcValuatin': '0.00000000', 'locked': '0.00000000', 'coin': 'hac'}, {'normal': '0.00000000', 'btcValuatin': '0.00000000', 'locked': '0.00000000', 'coin': 'vsys'}, {'normal': '0.00000000', 'btcValuatin': '0.00000000', 'locked': '0.00000000', 'coin': 'trec'}, {'normal': '0.00000000', 'btcValuatin': '0.00000000', 'locked': '0.00000000', 'coin': 'vet'}, {'normal': '0.00000000', 'btcValuatin': '0.00000000', 'locked': '0.00000000', 'coin': 'buy'}, {'normal': '0.00000000', 'btcValuatin': '0.00000000', 'locked': '0.00000000', 'coin': 'gob'}, {'normal': '0.00000000', 'btcValuatin': '0.00000000', 'locked': '0.00000000', 'coin': 'dsc'}, {'normal': '0.00000000', 'btcValuatin': '0.00000000', 'locked': '0.00000000', 'coin': 'ovf'}, {'normal': '0.00000000', 'btcValuatin': '0.00000000', 'locked': '0.00000000', 'coin': 'ph'}, {'normal': '0.00000000', 'btcValuatin': '0.00000000', 'locked': '0.00000000', 'coin': 'rep'}, {'normal': '0.00000000', 'btcValuatin': '0.00000000', 'locked': '0.00000000', 'coin': 'mof'}, {'normal': '0.00000000', 'btcValuatin': '0.00000000', 'locked': '0.00000000', 'coin': 'bas'}, {'normal': '0.00000000', 'btcValuatin': '0.00000000', 'locked': '0.00000000', 'coin': 'mbcc'}, {'normal': '0.00000000', 'btcValuatin': '0.00000000', 'locked': '0.00000000', 'coin': 'fsn'}, {'normal': '0.00000000', 'btcValuatin': '0.00000000', 'locked': '0.00000000', 'coin': 'oti'}, {'normal': '0.00000000', 'btcValuatin': '0.00000000', 'locked': '0.00000000', 'coin': 'vrd'}, {'normal': '0.00000000', 'btcValuatin': '0.00000000', 'locked': '0.00000000', 'coin': 'ccv'}, {'normal': '0.00000000', 'btcValuatin': '0.00000000', 'locked': '0.00000000', 'coin': 'bnt'}, {'normal': '0.00000000', 'btcValuatin': '0.00000000', 'locked': '0.00000000', 'coin': 'one'}, {'normal': '0.00000000', 'btcValuatin': '0.00000000', 'locked': '0.00000000', 'coin': 'kcb'}, {'normal': '0.00000000', 'btcValuatin': '0.00000000', 'locked': '0.00000000', 'coin': 'mkr'}, {'normal': '0.00000000', 'btcValuatin': '0.00000000', 'locked': '0.00000000', 'coin': 'pgs'}, {'normal': '0.00000000', 'btcValuatin': '0.00000000', 'locked': '0.00000000', 'coin': 'atc'}, {'normal': '0.00000000', 'btcValuatin': '0.00000000', 'locked': '0.00000000', 'coin': 'ftm'}, {'normal': '0.00000000', 'btcValuatin': '0.00000000', 'locked': '0.00000000', 'coin': 'knc'}, {'normal': '0.00000000', 'btcValuatin': '0.00000000', 'locked': '0.00000000', 'coin': 'qash'}, {'normal': '0.00000000', 'btcValuatin': '0.00000000', 'locked': '0.00000000', 'coin': 'atom'}, {'normal': '0.00000000', 'btcValuatin': '0.00000000', 'locked': '0.00000000', 'coin': 'yoyow'}, {'normal': '0.00000000', 'btcValuatin': '0.00000000', 'locked': '0.00000000', 'coin': 'cxc'}, {'normal': '0.00000000', 'btcValuatin': '0.00000000', 'locked': '0.00000000', 'coin': 'cscc'}, {'normal': '0.00000000', 'btcValuatin': '0.00000000', 'locked': '0.00000000', 'coin': '5ps'}, {'normal': '0.00000000', 'btcValuatin': '0.00000000', 'locked': '0.00000000', 'coin': 'bko'}, {'normal': '0.00000000', 'btcValuatin': '0.00000000', 'locked': '0.00000000', 'coin': 'ekt'}, {'normal': '0.00000000', 'btcValuatin': '0.00000000', 'locked': '0.00000000', 'coin': 'wwd'}, {'normal': '0.00000000', 'btcValuatin': '0.00000000', 'locked': '0.00000000', 'coin': 'evc'}, {'normal': '0.00000000', 'btcValuatin': '0.00000000', 'locked': '0.00000000', 'coin': 'dma'}, {'normal': '0.00000000', 'btcValuatin': '0.00000000', 'locked': '0.00000000', 'coin': 'mb'}, {'normal': '0.00000000', 'btcValuatin': '0.00000000', 'locked': '0.00000000', 'coin': 'nnd'}, {'normal': '0.00000000', 'btcValuatin': '0.00000000', 'locked': '0.00000000', 'coin': 'bhd'}, {'normal': '0.00000000', 'btcValuatin': '0.00000000', 'locked': '0.00000000', 'coin': 'fai'}, {'normal': '0.00000000', 'btcValuatin': '0.00000000', 'locked': '0.00000000', 'coin': 'bsc'}]}}
Wed, 26 Aug 2020 18:22:20:wirte_log.py[line:18] INFO {'api_key': 'bb0aac30e0b3c58dcbdd619da372a7f2', 'time': 1598437340.1771388, 'sign': '18cf59864647972bb61b14abb5b2e65a'}
Wed, 26 Aug 2020 18:22:20:wirte_log.py[line:18] INFO http://openapinx.v3.wbfexchina.top/open/api/user/account
Wed, 26 Aug 2020 18:22:20:wirte_log.py[line:18] INFO {'code': '0', 'msg': 'suc', 'data': {'total_asset': '22972.05289173', 'coin_list': [{'normal': '0.00000000', 'btcValuatin': '0.00000000', 'locked': '0.00000000', 'coin': 'bbc'}, {'normal': '0.00000000', 'btcValuatin': '0.00000000', 'locked': '0.00000000', 'coin': 'kto'}, {'normal': '0.00000000', 'btcValuatin': '0.00000000', 'locked': '0.00000000', 'coin': 'susd'}, {'normal': '0.00000000', 'btcValuatin': '0.00000000', 'locked': '0.00000000', 'coin': 'ccmt'}, {'normal': '0.00000000', 'btcValuatin': '0.00000000', 'locked': '0.00000000', 'coin': 'aa'}, {'normal': '0.00000000', 'btcValuatin': '0.00000000', 'locked': '0.00000000', 'coin': 'bcb'}, {'normal': '0.00000000', 'btcValuatin': '0.00000000', 'locked': '0.00000000', 'coin': 'bcd'}, {'normal': '0.00000000', 'btcValuatin': '0.00000000', 'locked': '0.00000000', 'coin': 'hpb'}, {'normal': '0.00000000', 'btcValuatin': '0.00000000', 'locked': '0.00000000', 'coin': 'uin'}, {'normal': '0.00000000', 'btcValuatin': '0.00000000', 'locked': '0.00000000', 'coin': 'ba'}, {'normal': '0.00000000', 'btcValuatin': '0.00000000', 'locked': '0.00000000', 'coin': 'bb'}, {'normal': '0.00000000', 'btcValuatin': '0.00000000', 'locked': '0.00000000', 'coin': 'ubic'}, {'normal': '0.00000000', 'btcValuatin': '0.00000000', 'locked': '0.00000000', 'coin': 'btr'}, {'normal': '0.00000000', 'btcValuatin': '0.00000000', 'locked': '0.00000000', 'coin': 'ong'}, {'normal': '0.00000000', 'btcValuatin': '0.00000000', 'locked': '0.00000000', 'coin': 'br'}, {'normal': '0.00000000', 'btcValuatin': '0.00000000', 'locked': '0.00000000', 'coin': 'sar999410101s'}, {'normal': '0.00000000', 'btcValuatin': '0.00000000', 'locked': '0.00000000', 'coin': 'btcv'}, {'normal': '0.00000000', 'btcValuatin': '0.00000000', 'locked': '0.00000000', 'coin': 'st'}, {'normal': '0.00000000', 'btcValuatin': '0.00000000', 'locked': '0.00000000', 'coin': 'jung'}, {'normal': '0.00000000', 'btcValuatin': '0.00000000', 'locked': '0.00000000', 'coin': 'gos'}, {'normal': '0.00000000', 'btcValuatin': '0.00000000', 'locked': '0.00000000', 'coin': 'flowerfather'}, {'normal': '0.00000000', 'btcValuatin': '0.00000000', 'locked': '0.00000000', 'coin': 'bfc'}, {'normal': '0.00000000', 'btcValuatin': '0.00000000', 'locked': '0.00000000', 'coin': 'ada'}, {'normal': '0.00000000', 'btcValuatin': '0.00000000', 'locked': '0.00000000', 'coin': 'icx'}, {'normal': '0.00000000', 'btcValuatin': '0.00000000', 'locked': '0.00000000', 'coin': 'ty'}, {'normal': '0.00000000', 'btcValuatin': '0.00000000', 'locked': '0.00000000', 'coin': 'doge'}, {'normal': '0.00000000', 'btcValuatin': '0.00000000', 'locked': '0.00000000', 'coin': 'xas'}, {'normal': '0.00000000', 'btcValuatin': '0.00000000', 'locked': '0.00000000', 'coin': 'auc'}, {'normal': '0.00000000', 'btcValuatin': '0.00000000', 'locked': '0.00000000', 'coin': 'wbfusd'}, {'normal': '0.00000000', 'btcValuatin': '0.00000000', 'locked': '0.00000000', 'coin': 'bcdm'}, {'normal': '0.00000000', 'btcValuatin': '0.00000000', 'locked': '0.00000000', 'coin': 'kava'}, {'normal': '0.00000000', 'btcValuatin': '0.00000000', 'locked': '0.00000000', 'coin': 'xsg'}, {'normal': '0.00000000', 'btcValuatin': '0.00000000', 'locked': '0.00000000', 'coin': 'jungl'}, {'normal': '0.00000000', 'btcValuatin': '0.00000000', 'locked': '0.00000000', 'coin': 'gas'}, {'normal': '0.00000000', 'btcValuatin': '0.00000000', 'locked': '0.00000000', 'coin': 'tusdt'}, {'normal': '0.00000000', 'btcValuatin': '0.00000000', 'locked': '0.00000000', 'coin': 'undt'}, {'normal': '0.00000000', 'btcValuatin': '0.00000000', 'locked': '0.00000000', 'coin': 'xdc'}, {'normal': '0.00000000', 'btcValuatin': '0.00000000', 'locked': '0.00000000', 'coin': 'btxm'}, {'normal': '0.00000000', 'btcValuatin': '0.00000000', 'locked': '0.00000000', 'coin': 'hdu'}, {'normal': '0.00000000', 'btcValuatin': '0.00000000', 'locked': '0.00000000', 'coin': 'zhf'}, {'normal': '0.00000000', 'btcValuatin': '0.00000000', 'locked': '0.00000000', 'coin': 'dtcm'}, {'normal': '0.00000000', 'btcValuatin': '0.00000000', 'locked': '0.00000000', 'coin': 'hbtt'}, {'normal': '0.00000000', 'btcValuatin': '0.00000000', 'locked': '0.00000000', 'coin': 'xtz'}, {'normal': '0.00000000', 'btcValuatin': '0.00000000', 'locked': '0.00000000', 'coin': 'testyun'}, {'normal': '0.00000000', 'btcValuatin': '0.00000000', 'locked': '0.00000000', 'coin': 'whc1'}, {'normal': '0.00000000', 'btcValuatin': '0.00000000', 'locked': '0.00000000', 'coin': 'epc'}, {'normal': '0.00000000', 'btcValuatin': '0.00000000', 'locked': '0.00000000', 'coin': 'dnp'}, {'normal': '0.00000000', 'btcValuatin': '0.00000000', 'locked': '0.00000000', 'coin': 'vas'}, {'normal': '0.00000000', 'btcValuatin': '0.00000000', 'locked': '0.00000000', 'coin': 'vrp'}, {'normal': '0.00000000', 'btcValuatin': '0.00000000', 'locked': '0.00000000', 'coin': 'vbc'}, {'normal': '0.00000000', 'btcValuatin': '0.00000000', 'locked': '0.00000000', 'coin': 'test1'}, {'normal': '0.00000000', 'btcValuatin': '0.00000000', 'locked': '0.00000000', 'coin': 'test2'}, {'normal': '0.00000000', 'btcValuatin': '0.00000000', 'locked': '0.00000000', 'coin': 'test3'}, {'normal': '0.00000000', 'btcValuatin': '0.00000000', 'locked': '0.00000000', 'coin': 'test4'}, {'normal': '0.00000000', 'btcValuatin': '0.00000000', 'locked': '0.00000000', 'coin': 'test5'}, {'normal': '0.00000000', 'btcValuatin': '0.00000000', 'locked': '0.00000000', 'coin': 'test6'}, {'normal': '0.00000000', 'btcValuatin': '0.00000000', 'locked': '0.00000000', 'coin': 'dot'}, {'normal': '0.00000000', 'btcValuatin': '0.00000000', 'locked': '0.00000000', 'coin': 'ajm'}, {'normal': '0.00000000', 'btcValuatin': '0.00000000', 'locked': '0.00000000', 'coin': 'gft'}, {'normal': '0.00000000', 'btcValuatin': '0.00000000', 'locked': '0.00000000', 'coin': 'gost'}, {'normal': '0.00000000', 'btcValuatin': '0.00000000', 'locked': '0.00000000', 'coin': 'msn'}, {'normal': '0.00000000', 'btcValuatin': '0.00000000', 'locked': '0.00000000', 'coin': 'qki'}, {'normal': '0.00000000', 'btcValuatin': '0.00000000', 'locked': '0.00000000', 'coin': 'www'}, {'normal': '0.00000000', 'btcValuatin': '0.00000000', 'locked': '0.00000000', 'coin': 'alc'}, {'normal': '0.00000000', 'btcValuatin': '0.00000000', 'locked': '0.00000000', 'coin': 'xzc'}, {'normal': '0.00000000', 'btcValuatin': '0.00000000', 'locked': '0.00000000', 'coin': 'ucn'}, {'normal': '0.00000000', 'btcValuatin': '0.00000000', 'locked': '0.00000000', 'coin': 'zmy'}, {'normal': '1051.91', 'btcValuatin': '0.16723529', 'locked': '0.00000000', 'coin': 'usdt'}, {'normal': '0.00000000', 'btcValuatin': '0.00000000', 'locked': '0.00000000', 'coin': 'trx'}, {'normal': '0.00000000', 'btcValuatin': '0.00000000', 'locked': '0.00000000', 'coin': 'flower'}, {'normal': '0.00000000', 'btcValuatin': '0.00000000', 'locked': '0.00000000', 'coin': 'jungle'}, {'normal': '0.00000000', 'btcValuatin': '0.00000000', 'locked': '0.00000000', 'coin': 'nuls'}, {'normal': '0.00000000', 'btcValuatin': '0.00000000', 'locked': '0.00000000', 'coin': 'atrc'}, {'normal': '0.00000000', 'btcValuatin': '0.00000000', 'locked': '0.00000000', 'coin': 'sares'}, {'normal': '0.00000000', 'btcValuatin': '0.00000000', 'locked': '0.00000000', 'coin': 'sar'}, {'normal': '0.00000000', 'btcValuatin': '0.00000000', 'locked': '0.00000000', 'coin': 'tpch'}, {'normal': '0.00000000', 'btcValuatin': '0.00000000', 'locked': '0.00000000', 'coin': 'xla'}, {'normal': '0.00000000', 'btcValuatin': '0.00000000', 'locked': '0.00000000', 'coin': 'eodos'}, {'normal': '0.00000000', 'btcValuatin': '0.00000000', 'locked': '0.00000000', 'coin': 'xlm'}, {'normal': '0.00000000', 'btcValuatin': '0.00000000', 'locked': '0.00000000', 'coin': 'zpp'}, {'normal': '0.00000000', 'btcValuatin': '0.00000000', 'locked': '0.00000000', 'coin': 'gct999'}, {'normal': '0.00000000', 'btcValuatin': '0.00000000', 'locked': '0.00000000', 'coin': 'fans'}, {'normal': '0.00000000', 'btcValuatin': '0.00000000', 'locked': '0.00000000', 'coin': 'bab'}, {'normal': '0.00000000', 'btcValuatin': '0.00000000', 'locked': '0.00000000', 'coin': 'fil'}, {'normal': '0.00000000', 'btcValuatin': '0.00000000', 'locked': '0.00000000', 'coin': 'eidos'}, {'normal': '0.00000000', 'btcValuatin': '0.00000000', 'locked': '0.00000000', 'coin': 'cct'}, {'normal': '0.00000000', 'btcValuatin': '0.00000000', 'locked': '0.00000000', 'coin': 'oks'}, {'normal': '0.00000000', 'btcValuatin': '0.00000000', 'locked': '0.00000000', 'coin': 'xmr'}, {'normal': '0.00000000', 'btcValuatin': '0.00000000', 'locked': '0.00000000', 'coin': 'sar999asi'}, {'normal': '0.00000000', 'btcValuatin': '0.00000000', 'locked': '0.00000000', 'coin': 'eusdt'}, {'normal': '0.00000000', 'btcValuatin': '0.00000000', 'locked': '0.00000000', 'coin': 'btc'}, {'normal': '0.00000000', 'btcValuatin': '0.00000000', 'locked': '0.00000000', 'coin': 'eth'}, {'normal': '0.00000000', 'btcValuatin': '0.00000000', 'locked': '0.00000000', 'coin': 'wt'}, {'normal': '0.00000000', 'btcValuatin': '0.00000000', 'locked': '0.00000000', 'coin': 'ltc'}, {'normal': '974.00000000', 'btcValuatin': '22971.88565644', 'locked': '1.00000000', 'coin': 'eos'}, {'normal': '0.00000000', 'btcValuatin': '0.00000000', 'locked': '0.00000000', 'coin': 'lds'}, {'normal': '0.00000000', 'btcValuatin': '0.00000000', 'locked': '0.00000000', 'coin': 'ine'}, {'normal': '0.00000000', 'btcValuatin': '0.00000000', 'locked': '0.00000000', 'coin': 'rnt'}, {'normal': '0.00000000', 'btcValuatin': '0.00000000', 'locked': '0.00000000', 'coin': 'bat'}, {'normal': '0.00000000', 'btcValuatin': '0.00000000', 'locked': '0.00000000', 'coin': 'dgd'}, {'normal': '0.00000000', 'btcValuatin': '0.00000000', 'locked': '0.00000000', 'coin': 'gnt'}, {'normal': '0.00000000', 'btcValuatin': '0.00000000', 'locked': '0.00000000', 'coin': 'link'}, {'normal': '0.00000000', 'btcValuatin': '0.00000000', 'locked': '0.00000000', 'coin': 'mana'}, {'normal': '0.00000000', 'btcValuatin': '0.00000000', 'locked': '0.00000000', 'coin': 'omg'}, {'normal': '0.00000000', 'btcValuatin': '0.00000000', 'locked': '0.00000000', 'coin': 'powr'}, {'normal': '0.00000000', 'btcValuatin': '0.00000000', 'locked': '0.00000000', 'coin': 'wax'}, {'normal': '0.00000000', 'btcValuatin': '0.00000000', 'locked': '0.00000000', 'coin': 'zil'}, {'normal': '0.00000000', 'btcValuatin': '0.00000000', 'locked': '0.00000000', 'coin': 'zrx'}, {'normal': '0.00000000', 'btcValuatin': '0.00000000', 'locked': '0.00000000', 'coin': 'dusd'}, {'normal': '0.00000000', 'btcValuatin': '0.00000000', 'locked': '0.00000000', 'coin': 'mwd'}, {'normal': '0.00000000', 'btcValuatin': '0.00000000', 'locked': '0.00000000', 'coin': 'tng'}, {'normal': '0.00000000', 'btcValuatin': '0.00000000', 'locked': '0.00000000', 'coin': 'nbc'}, {'normal': '0.00000000', 'btcValuatin': '0.00000000', 'locked': '0.00000000', 'coin': 'snt'}, {'normal': '0.00000000', 'btcValuatin': '0.00000000', 'locked': '0.00000000', 'coin': 'npxs'}, {'normal': '0.00000000', 'btcValuatin': '0.00000000', 'locked': '0.00000000', 'coin': 'wtc'}, {'normal': '0.00000000', 'btcValuatin': '0.00000000', 'locked': '0.00000000', 'coin': 'ivt'}, {'normal': '0.00000000', 'btcValuatin': '0.00000000', 'locked': '0.00000000', 'coin': 'gi'}, {'normal': '0.00000000', 'btcValuatin': '0.00000000', 'locked': '0.00000000', 'coin': 'koc'}, {'normal': '0.00000000', 'btcValuatin': '0.00000000', 'locked': '0.00000000', 'coin': 'bpay'}, {'normal': '0.00000000', 'btcValuatin': '0.00000000', 'locked': '0.00000000', 'coin': 'fcs'}, {'normal': '0.00000000', 'btcValuatin': '0.00000000', 'locked': '0.00000000', 'coin': 'dash'}, {'normal': '0.00000000', 'btcValuatin': '0.00000000', 'locked': '0.00000000', 'coin': 'zec'}, {'normal': '0.00000000', 'btcValuatin': '0.00000000', 'locked': '0.00000000', 'coin': 'emp'}, {'normal': '0.00000000', 'btcValuatin': '0.00000000', 'locked': '0.00000000', 'coin': 'crl'}, {'normal': '0.00000000', 'btcValuatin': '0.00000000', 'locked': '0.00000000', 'coin': 'keo'}, {'normal': '0.00000000', 'btcValuatin': '0.00000000', 'locked': '0.00000000', 'coin': 'qqbc'}, {'normal': '0.00000000', 'btcValuatin': '0.00000000', 'locked': '0.00000000', 'coin': 'cwc'}, {'normal': '0.00000000', 'btcValuatin': '0.00000000', 'locked': '0.00000000', 'coin': 'ehd'}, {'normal': '0.00000000', 'btcValuatin': '0.00000000', 'locked': '0.00000000', 'coin': 'bbos'}, {'normal': '0.00000000', 'btcValuatin': '0.00000000', 'locked': '0.00000000', 'coin': 'vcc'}, {'normal': '0.00000000', 'btcValuatin': '0.00000000', 'locked': '0.00000000', 'coin': 'bmj'}, {'normal': '0.00000000', 'btcValuatin': '0.00000000', 'locked': '0.00000000', 'coin': 'idbc'}, {'normal': '0.00000000', 'btcValuatin': '0.00000000', 'locked': '0.00000000', 'coin': 'rccc'}, {'normal': '0.00000000', 'btcValuatin': '0.00000000', 'locked': '0.00000000', 'coin': 'bnct'}, {'normal': '0.00000000', 'btcValuatin': '0.00000000', 'locked': '0.00000000', 'coin': 'ax'}, {'normal': '0.00000000', 'btcValuatin': '0.00000000', 'locked': '0.00000000', 'coin': 'os'}, {'normal': '0.00000000', 'btcValuatin': '0.00000000', 'locked': '0.00000000', 'coin': 'vsc'}, {'normal': '0.00000000', 'btcValuatin': '0.00000000', 'locked': '0.00000000', 'coin': 'bsv'}, {'normal': '0.00000000', 'btcValuatin': '0.00000000', 'locked': '0.00000000', 'coin': 'gyb'}, {'normal': '0.00000000', 'btcValuatin': '0.00000000', 'locked': '0.00000000', 'coin': 'sepc'}, {'normal': '0.00000000', 'btcValuatin': '0.00000000', 'locked': '0.00000000', 'coin': 'tc'}, {'normal': '0.00000000', 'btcValuatin': '0.00000000', 'locked': '0.00000000', 'coin': 'cocos'}, {'normal': '0.00000000', 'btcValuatin': '0.00000000', 'locked': '0.00000000', 'coin': 'txc'}, {'normal': '0.00000000', 'btcValuatin': '0.00000000', 'locked': '0.00000000', 'coin': 'xrp'}, {'normal': '0.00000000', 'btcValuatin': '0.00000000', 'locked': '0.00000000', 'coin': 'gcec'}, {'normal': '0.00000000', 'btcValuatin': '0.00000000', 'locked': '0.00000000', 'coin': 'bkc'}, {'normal': '0.00000000', 'btcValuatin': '0.00000000', 'locked': '0.00000000', 'coin': 'cm'}, {'normal': '0.00000000', 'btcValuatin': '0.00000000', 'locked': '0.00000000', 'coin': 'hg'}, {'normal': '0.00000000', 'btcValuatin': '0.00000000', 'locked': '0.00000000', 'coin': 'thbc'}, {'normal': '0.00000000', 'btcValuatin': '0.00000000', 'locked': '0.00000000', 'coin': 'hoh'}, {'normal': '0.00000000', 'btcValuatin': '0.00000000', 'locked': '0.00000000', 'coin': 'dch'}, {'normal': '0.00000000', 'btcValuatin': '0.00000000', 'locked': '0.00000000', 'coin': 'xmt'}, {'normal': '0.00000000', 'btcValuatin': '0.00000000', 'locked': '0.00000000', 'coin': 'xbbc'}, {'normal': '0.00000000', 'btcValuatin': '0.00000000', 'locked': '0.00000000', 'coin': 'zxh'}, {'normal': '0.00000000', 'btcValuatin': '0.00000000', 'locked': '0.00000000', 'coin': 'plg'}, {'normal': '0.00000000', 'btcValuatin': '0.00000000', 'locked': '0.00000000', 'coin': 'oe'}, {'normal': '0.00000000', 'btcValuatin': '0.00000000', 'locked': '0.00000000', 'coin': 'ytnb'}, {'normal': '0.00000000', 'btcValuatin': '0.00000000', 'locked': '0.00000000', 'coin': 'adf'}, {'normal': '0.00000000', 'btcValuatin': '0.00000000', 'locked': '0.00000000', 'coin': 'cso'}, {'normal': '0.00000000', 'btcValuatin': '0.00000000', 'locked': '0.00000000', 'coin': 'ver'}, {'normal': '0.00000000', 'btcValuatin': '0.00000000', 'locked': '0.00000000', 'coin': 'asc'}, {'normal': '0.00000000', 'btcValuatin': '0.00000000', 'locked': '0.00000000', 'coin': 'pcce'}, {'normal': '0.00000000', 'btcValuatin': '0.00000000', 'locked': '0.00000000', 'coin': 'crt'}, {'normal': '0.00000000', 'btcValuatin': '0.00000000', 'locked': '0.00000000', 'coin': 'rub'}, {'normal': '0.00000000', 'btcValuatin': '0.00000000', 'locked': '0.00000000', 'coin': 'bzc'}, {'normal': '0.00000000', 'btcValuatin': '0.00000000', 'locked': '0.00000000', 'coin': 'jld'}, {'normal': '0.00000000', 'btcValuatin': '0.00000000', 'locked': '0.00000000', 'coin': 'blm'}, {'normal': '0.00000000', 'btcValuatin': '0.00000000', 'locked': '0.00000000', 'coin': 'eccc'}, {'normal': '0.00000000', 'btcValuatin': '0.00000000', 'locked': '0.00000000', 'coin': 'tep'}, {'normal': '0.00000000', 'btcValuatin': '0.00000000', 'locked': '0.00000000', 'coin': 'dili'}, {'normal': '0.00000000', 'btcValuatin': '0.00000000', 'locked': '0.00000000', 'coin': 'cool'}, {'normal': '0.00000000', 'btcValuatin': '0.00000000', 'locked': '0.00000000', 'coin': 'jade'}, {'normal': '0.00000000', 'btcValuatin': '0.00000000', 'locked': '0.00000000', 'coin': 'yec'}, {'normal': '0.00000000', 'btcValuatin': '0.00000000', 'locked': '0.00000000', 'coin': 'tps'}, {'normal': '0.00000000', 'btcValuatin': '0.00000000', 'locked': '0.00000000', 'coin': 'bbtc'}, {'normal': '0.00000000', 'btcValuatin': '0.00000000', 'locked': '0.00000000', 'coin': 'b11'}, {'normal': '0.00000000', 'btcValuatin': '0.00000000', 'locked': '0.00000000', 'coin': 'mgm'}, {'normal': '0.00000000', 'btcValuatin': '0.00000000', 'locked': '0.00000000', 'coin': 'pon'}, {'normal': '0.00000000', 'btcValuatin': '0.00000000', 'locked': '0.00000000', 'coin': 'bch'}, {'normal': '0.00000000', 'btcValuatin': '0.00000000', 'locked': '0.00000000', 'coin': 'etc'}, {'normal': '0.00000000', 'btcValuatin': '0.00000000', 'locked': '0.00000000', 'coin': 'xky'}, {'normal': '0.00000000', 'btcValuatin': '0.00000000', 'locked': '0.00000000', 'coin': 'fil6'}, {'normal': '0.00000000', 'btcValuatin': '0.00000000', 'locked': '0.00000000', 'coin': 'egt'}, {'normal': '0.00000000', 'btcValuatin': '0.00000000', 'locked': '0.00000000', 'coin': 'qev'}, {'normal': '0.00000000', 'btcValuatin': '0.00000000', 'locked': '0.00000000', 'coin': 'mfcc'}, {'normal': '0.00000000', 'btcValuatin': '0.00000000', 'locked': '0.00000000', 'coin': 'arc'}, {'normal': '0.00000000', 'btcValuatin': '0.00000000', 'locked': '0.00000000', 'coin': 'ilc'}, {'normal': '0.00000000', 'btcValuatin': '0.00000000', 'locked': '0.00000000', 'coin': 'neo'}, {'normal': '0.00000000', 'btcValuatin': '0.00000000', 'locked': '0.00000000', 'coin': 'bcc'}, {'normal': '0.00000000', 'btcValuatin': '0.00000000', 'locked': '0.00000000', 'coin': 'ulam'}, {'normal': '0.00000000', 'btcValuatin': '0.00000000', 'locked': '0.00000000', 'coin': 'zdmt'}, {'normal': '0.00000000', 'btcValuatin': '0.00000000', 'locked': '0.00000000', 'coin': 'hdt'}, {'normal': '0.00000000', 'btcValuatin': '0.00000000', 'locked': '0.00000000', 'coin': 'glo'}, {'normal': '0.00000000', 'btcValuatin': '0.00000000', 'locked': '0.00000000', 'coin': 'grm'}, {'normal': '0.00000000', 'btcValuatin': '0.00000000', 'locked': '0.00000000', 'coin': 'time'}, {'normal': '0.00000000', 'btcValuatin': '0.00000000', 'locked': '0.00000000', 'coin': 'vidy'}, {'normal': '0.00000000', 'btcValuatin': '0.00000000', 'locked': '0.00000000', 'coin': 'qtum'}, {'normal': '0.00000000', 'btcValuatin': '0.00000000', 'locked': '0.00000000', 'coin': 'ljc'}, {'normal': '0.00000000', 'btcValuatin': '0.00000000', 'locked': '0.00000000', 'coin': 'cgw'}, {'normal': '0.00000000', 'btcValuatin': '0.00000000', 'locked': '0.00000000', 'coin': 'yst'}, {'normal': '0.00000000', 'btcValuatin': '0.00000000', 'locked': '0.00000000', 'coin': 'oxe'}, {'normal': '0.00000000', 'btcValuatin': '0.00000000', 'locked': '0.00000000', 'coin': '5gh'}, {'normal': '0.00000000', 'btcValuatin': '0.00000000', 'locked': '0.00000000', 'coin': 'caa'}, {'normal': '0.00000000', 'btcValuatin': '0.00000000', 'locked': '0.00000000', 'coin': 'lamb'}, {'normal': '0.00000000', 'btcValuatin': '0.00000000', 'locked': '0.00000000', 'coin': 'wpt'}, {'normal': '0.00000000', 'btcValuatin': '0.00000000', 'locked': '0.00000000', 'coin': 'spc'}, {'normal': '0.00000000', 'btcValuatin': '0.00000000', 'locked': '0.00000000', 'coin': 'jgjz'}, {'normal': '0.00000000', 'btcValuatin': '0.00000000', 'locked': '0.00000000', 'coin': 'abt'}, {'normal': '0.00000000', 'btcValuatin': '0.00000000', 'locked': '0.00000000', 'coin': 'etj'}, {'normal': '0.00000000', 'btcValuatin': '0.00000000', 'locked': '0.00000000', 'coin': 'vip'}, {'normal': '0.00000000', 'btcValuatin': '0.00000000', 'locked': '0.00000000', 'coin': 'bts'}, {'normal': '0.00000000', 'btcValuatin': '0.00000000', 'locked': '0.00000000', 'coin': 'ont'}, {'normal': '0.00000000', 'btcValuatin': '0.00000000', 'locked': '0.00000000', 'coin': 'bolom'}, {'normal': '0.00000000', 'btcValuatin': '0.00000000', 'locked': '0.00000000', 'coin': 'dcs'}, {'normal': '0.00000000', 'btcValuatin': '0.00000000', 'locked': '0.00000000', 'coin': 'etdog'}, {'normal': '0.00000000', 'btcValuatin': '0.00000000', 'locked': '0.00000000', 'coin': 'bao'}, {'normal': '0.00000000', 'btcValuatin': '0.00000000', 'locked': '0.00000000', 'coin': 'gold'}, {'normal': '0.00000000', 'btcValuatin': '0.00000000', 'locked': '0.00000000', 'coin': 'mxm'}, {'normal': '0.00000000', 'btcValuatin': '0.00000000', 'locked': '0.00000000', 'coin': 'ot'}, {'normal': '0.00000000', 'btcValuatin': '0.00000000', 'locked': '0.00000000', 'coin': 'nmst'}, {'normal': '0.00000000', 'btcValuatin': '0.00000000', 'locked': '0.00000000', 'coin': 'trip'}, {'normal': '0.00000000', 'btcValuatin': '0.00000000', 'locked': '0.00000000', 'coin': 'wine'}, {'normal': '0.00000000', 'btcValuatin': '0.00000000', 'locked': '0.00000000', 'coin': 'xem'}, {'normal': '0.00000000', 'btcValuatin': '0.00000000', 'locked': '0.00000000', 'coin': 'rmt'}, {'normal': '0.00000000', 'btcValuatin': '0.00000000', 'locked': '0.00000000', 'coin': 'pts'}, {'normal': '0.00000000', 'btcValuatin': '0.00000000', 'locked': '0.00000000', 'coin': 'hac'}, {'normal': '0.00000000', 'btcValuatin': '0.00000000', 'locked': '0.00000000', 'coin': 'vsys'}, {'normal': '0.00000000', 'btcValuatin': '0.00000000', 'locked': '0.00000000', 'coin': 'trec'}, {'normal': '0.00000000', 'btcValuatin': '0.00000000', 'locked': '0.00000000', 'coin': 'vet'}, {'normal': '0.00000000', 'btcValuatin': '0.00000000', 'locked': '0.00000000', 'coin': 'buy'}, {'normal': '0.00000000', 'btcValuatin': '0.00000000', 'locked': '0.00000000', 'coin': 'gob'}, {'normal': '0.00000000', 'btcValuatin': '0.00000000', 'locked': '0.00000000', 'coin': 'dsc'}, {'normal': '0.00000000', 'btcValuatin': '0.00000000', 'locked': '0.00000000', 'coin': 'ovf'}, {'normal': '0.00000000', 'btcValuatin': '0.00000000', 'locked': '0.00000000', 'coin': 'ph'}, {'normal': '0.00000000', 'btcValuatin': '0.00000000', 'locked': '0.00000000', 'coin': 'rep'}, {'normal': '0.00000000', 'btcValuatin': '0.00000000', 'locked': '0.00000000', 'coin': 'mof'}, {'normal': '0.00000000', 'btcValuatin': '0.00000000', 'locked': '0.00000000', 'coin': 'bas'}, {'normal': '0.00000000', 'btcValuatin': '0.00000000', 'locked': '0.00000000', 'coin': 'mbcc'}, {'normal': '0.00000000', 'btcValuatin': '0.00000000', 'locked': '0.00000000', 'coin': 'fsn'}, {'normal': '0.00000000', 'btcValuatin': '0.00000000', 'locked': '0.00000000', 'coin': 'oti'}, {'normal': '0.00000000', 'btcValuatin': '0.00000000', 'locked': '0.00000000', 'coin': 'vrd'}, {'normal': '0.00000000', 'btcValuatin': '0.00000000', 'locked': '0.00000000', 'coin': 'ccv'}, {'normal': '0.00000000', 'btcValuatin': '0.00000000', 'locked': '0.00000000', 'coin': 'bnt'}, {'normal': '0.00000000', 'btcValuatin': '0.00000000', 'locked': '0.00000000', 'coin': 'one'}, {'normal': '0.00000000', 'btcValuatin': '0.00000000', 'locked': '0.00000000', 'coin': 'kcb'}, {'normal': '0.00000000', 'btcValuatin': '0.00000000', 'locked': '0.00000000', 'coin': 'mkr'}, {'normal': '0.00000000', 'btcValuatin': '0.00000000', 'locked': '0.00000000', 'coin': 'pgs'}, {'normal': '0.00000000', 'btcValuatin': '0.00000000', 'locked': '0.00000000', 'coin': 'atc'}, {'normal': '0.00000000', 'btcValuatin': '0.00000000', 'locked': '0.00000000', 'coin': 'ftm'}, {'normal': '0.00000000', 'btcValuatin': '0.00000000', 'locked': '0.00000000', 'coin': 'knc'}, {'normal': '0.00000000', 'btcValuatin': '0.00000000', 'locked': '0.00000000', 'coin': 'qash'}, {'normal': '0.00000000', 'btcValuatin': '0.00000000', 'locked': '0.00000000', 'coin': 'atom'}, {'normal': '0.00000000', 'btcValuatin': '0.00000000', 'locked': '0.00000000', 'coin': 'yoyow'}, {'normal': '0.00000000', 'btcValuatin': '0.00000000', 'locked': '0.00000000', 'coin': 'cxc'}, {'normal': '0.00000000', 'btcValuatin': '0.00000000', 'locked': '0.00000000', 'coin': 'cscc'}, {'normal': '0.00000000', 'btcValuatin': '0.00000000', 'locked': '0.00000000', 'coin': '5ps'}, {'normal': '0.00000000', 'btcValuatin': '0.00000000', 'locked': '0.00000000', 'coin': 'bko'}, {'normal': '0.00000000', 'btcValuatin': '0.00000000', 'locked': '0.00000000', 'coin': 'ekt'}, {'normal': '0.00000000', 'btcValuatin': '0.00000000', 'locked': '0.00000000', 'coin': 'wwd'}, {'normal': '0.00000000', 'btcValuatin': '0.00000000', 'locked': '0.00000000', 'coin': 'evc'}, {'normal': '0.00000000', 'btcValuatin': '0.00000000', 'locked': '0.00000000', 'coin': 'dma'}, {'normal': '0.00000000', 'btcValuatin': '0.00000000', 'locked': '0.00000000', 'coin': 'mb'}, {'normal': '0.00000000', 'btcValuatin': '0.00000000', 'locked': '0.00000000', 'coin': 'nnd'}, {'normal': '0.00000000', 'btcValuatin': '0.00000000', 'locked': '0.00000000', 'coin': 'bhd'}, {'normal': '0.00000000', 'btcValuatin': '0.00000000', 'locked': '0.00000000', 'coin': 'fai'}, {'normal': '0.00000000', 'btcValuatin': '0.00000000', 'locked': '0.00000000', 'coin': 'bsc'}]}}
